3052 4666
673 348 845 411 ..23-

201 509 248 572 est
264 507 450 573 concinnitas
466 509 685 585 membrorum,
703 508 782 573 unde
799 510 940 572 sumatur
962 509 1177 591 argumentum
1195 506 1318 572 delendi
1395 511 1397 515 '

202 615 277 690 eius
294 635 352 696 qno
369 614 547 697 negligitur,
568 635 690 679 versus:
715 635 785 678 nam
803 615 938 696 primum
955 615 1127 679 membrum
1144 615 1319 680 continetur

202 720 329 786 dimidio
353 723 415 786 fere
440 721 618 799 hexametri,
643 721 772 785 tertium
788 721 853 786 toto
873 721 1049 786 hexametro
1066 724 1098 787 et
1113 720 1319 788 hemistichia

202 829 287 906 Quae
304 848 373 892 cum
390 829 434 892 ita
451 828 523 906 sint,
545 847 604 892 non
626 827 760 891 multum
781 828 859 891 mihi
875 827 999 908 quidem
1017 827 1140 892 videtur
1160 829 1319 907 interesse,

202 937 308 1000 utrnm
333 954 427 998 unum
452 954 573 998 versum
597 935 804 1016 amplectatur
828 935 960 998 alterum
985 936 1160 999 membrum
1176 954 1214 999 an
1233 935 1318 1001 duos

203 1040 276 1105 Tria
311 1044 415 1105 autem
454 1042 592 1106 membra
620 1042 760 1123 ponenda
795 1061 859 1105 esse
895 1042 983 1106 docet
1013 1042 1143 1124 insignis
1178 1041 1319 1106 vocabuli

202 1148 299 1212 felicis
321 1149 439 1230 positus
466 1150 513 1212 ter
536 1149 694 1231 repetitus,
733 1148 898 1213 Praeterea
927 1149 976 1213 rel
1004 1149 1088 1225 inde,
1118 1149 1199 1231 quod
1226 1150 1258 1213 et
1287 1149 1318 1212 in

203 1256 301 1336 primo
326 1257 357 1320 et
379 1255 410 1319 in
434 1255 525 1320 tertio
549 1256 686 1320 membro
710 1255 862 1319 sententia
877 1255 985 1337 incipit
1009 1275 1026 1318 a
1050 1255 1198 1321 vocabulo
1213 1254 1321 1333 felicis,

202 1361 325 1426 videtur·
348 1361 488 1427 concludi
510 1381 607 1443 posse,
632 1361 749 1427 medios
772 1381 893 1443 quoque
917 1380 1021 1426 versos
1036 1362 1066 1427 in
1084 1382 1182 1426 unum
1198 1362 1322 1427 enunti-

202 1471 289 1532 atum
312 1488 378 1533 esse
402 1469 641 1552 coniungendas,
672 1489 730 1533 non
759 1469 926 1550 separatim
955 1489 1018 1534 esse
1047 1489 1116 1533 cum
1143 1469 1321 1534 Heinrichio

205 1577 236 1640 et
260 1577 436 1640 Hermanno
462 1576 656 1640 scribendum
680 1577 843 1658 utrumque
869 1595 1000 1653 versum,
1025 1577 1070 1640 ita
1093 1579 1129 1641 ut
1152 1576 1194 1640 sit
1216 1594 1322 1639 versus

207 1684 268 1748 192
298 1683 475 1766 asyndeton.
515 1683 760 1764 interpretamur·
775 1683 870 1765 igitur
886 1684 1016 1753 alterum
1040 1683 1117 1747 illud
1134 1683 1319 1759 membrum,

205 1809 264 1871 quo
296 1789 443 1853 contineri
477 1809 635 1854 censemus
669 1809 773 1854 versus
811 1790 869 1853 19]
887 1810 922 1866 s,
954 1791 1011 1858 ita:
1049 1791 1148 1869 ,felin
1184 1807 1254 1852 oum
1278 1787 1319 1851 sit

204 1896 238 1978 (i.
268 1916 294 1963 e.
329 1896 493 1981 habeatur)
534 1897 653 1979 sapiens
687 1897 718 1960 ct
750 1896 859 1960 nobilis
891 1898 922 1960 et
955 1915 1134 1980 generosus,
1179 1894 1320 1959 lunulam

204 2001 310 2086 nigrae
326 2003 431 2068 alutae
447 2003 619 2085 appositam
637 2003 800 2081 subtexit,“
821 2003 918 2067 secuti
933 2003 1128 2085 Rupertium,
1143 2002 1320 2079 Weberum,

204 2109 347 2174 lahnium
361 2109 485 2193 (1851),
498 2110 708 2174 Weidnerum.
730 2110 953 2192 Hertzbergius
964 2111 995 2174 in
1006 2110 1144 2174 versione
1156 2106 1322 2172 vernacula

205 2216 397 2281 artificiosius
432 2236 526 2300 quam
559 2216 674 2281 rectius
707 2216 817 2280 incidit
851 2217 908 2283 ita:
943 2216 1036 2294 „felix
1070 2217 1101 2280 et
1133 2213 1261 2296 pulcher
1290 2215 1322 2277 et

204 2342 285 2401 acer,
306 2323 391 2388 Felix
408 2325 440 2388 et
455 2324 584 2406 sapiens,
610 2324 641 2387 et
655 2322 765 2387 nobilis
782 2325 813 2386 ct
827 2341 992 2406 generosus
1008 2322 1190 2404 Appositam
1216 2322 1321 2396 cett.“‚

205 2449 260 2494 neo
290 2432 396 2493 eontra
424 2431 502 2495 dixit
529 2431 627 2494 ullum
656 2431 784 2494 verbum
814 2429 997 2507 Teuffelius,
1028 2430 1081 2511 qui
1108 2427 1321 2493 adnotationes

205 2535 384 2617 conseripsit
400 2535 439 2599 ad
455 2537 534 2601 hano
550 2537 686 2600 satiram.
724 2535 900 2600 Versionem
917 2535 1112 2620 Hertubergii
1129 2532 1322 2600 subiicimus:

206 2660 267 2706 uer
291 2639 392 2706 Glick
415 2643 479 2720 hat,
502 2643 544 2707 ist
566 2642 628 2707 voll
652 2641 818 2707 Schbnheit
841 2643 903 2707 und
928 2641 1113 2720 Scharfsinn,
1138 2659 1200 2706 wer
1223 2638 1324 2704 (ihiolx

206 2749 262 2813 hat
284 2749 325 2814 ist
347 2749 424 2833 klug
447 2751 520 2828 und,
545 2771 601 2815 von
625 2751 722 2815 hoher
748 2751 811 2814 und
838 2752 956 2835 adliger
988 2748 1155 2825 Herkunft,
1185 2747 1266 2829 Fiigt
1293 2763 1326 2807 er

206 2855 265 2920 den
296 2856 472 2921 Halbmond
508 2860 579 2925 cett.
627 2855 803 2939 Quaeritur,
840 2858 989 2939 quomodo
1022 2853 1232 2920 intellexerint
1265 2851 1323 2916 viri

206 2963 287 3027 docti
310 2963 449 3029 voculam
476 2967 550 3044 „et‘
575 2965 657 3028 inter
680 2964 766 3028 Felix
791 2967 823 3029 et
845 2965 965 3047 sapiens
988 2963 1133 3046 positam.

294 3071 471 3136 Ceterorum
503 3071 707 3153 interpretum
745 3072 896 3136 rationem
931 3071 1047 3152 sprevit
1080 3068 1234 3144 Kiaerim,
1269 3066 1322 3146 qui

206 3178 358 3242 sententia
383 3197 460 3259 quae
485 3180 531 3242 est
555 3177 748 3260 „appositam
773 3178 878 3260 nigrae
901 3178 1008 3241 lunam
1036 3175 1170 3241 subtexit
1193 3173 1320 3236 alutee“

205 3283 386 3348 conditionis
414 3286 447 3348 in
475 3285 606 3349 formam
633 3284 757 3348 redacta
791 3287 861 3365 post
887 3303 1051 3366 generosus
1073 3281 1188 3345 maiore
1223 3279 1320 3359 signo,

205 3394 274 3471 post
297 3391 401 3455 alutae
424 3391 540 3455 minore
564 3390 696 3456 incidere
719 3391 814 3466 iubet,
838 3391 883 3455 ita
906 3393 941 3455 ut
963 3391 1115 3455 vertatur:
1140 3403 1200 3448 uer
1221 3381 1322 3446 Gliiek

206 3496 270 3573 hat,
294 3497 335 3561 ist
358 3498 450 3562 schbn
474 3498 537 3561 und
560 3497 738 3581 genialisch,
767 3517 828 3563 uer
851 3496 951 3561 Glich
981 3496 1050 3571 hat,
1079 3493 1121 3557 ist
1148 3490 1236 3554 weise
1260 3487 1324 3552 und

207 3604 351 3668 voruehm
383 3605 446 3668 und
478 3604 576 3688 adlig3
610 3625 695 3669 wenn
721 3625 752 3669 er
777 3605 835 3670 oen
859 3601 1036 3668 Halbmond
1061 3600 1117 3665 aui
1137 3597 1323 3663 schwarzern

206 3711 304 3776 Leder
327 3712 421 3775 unten
446 3731 496 3775 am
520 3712 616 3776 Fusse
640 3712 703 3775 sich
729 3713 897 3795 besestigen
926 3709 1009 3787 dari,
1034 3721 1076 3774 so·
1094 3707 1135 3771 ist
1158 3703 1325 3788 derJenige,

207 3818 339 3882 welcher
356 3817 456 3881 Gliioh
473 3819 537 3895 hat,
554 3819 632 3882 auch
650 3819 696 3881 ein
716 3817 923 3883 bedeutender
938 3815 1061 3880 Redner
1077 3815 1139 3880 und
1157 3810 1324 3888 Witzbold,

207 3924 270 3987 ond
298 3924 381 4007 singt
414 3925 523 4002 sehin,
560 3924 639 3988 auch
674 3944 759 3988 uenn
792 3943 824 3987 er·
856 3924 956 3988 heiser
983 3923 1033 3989 ist.
1086 3921 1168 4002 Quid
1201 3918 1325 3984 taudem

207 4031 342 4113 pertinet
364 4032 402 4094 ad
431 4031 574 4096 cantandi
603 4031 762 4095 scientiam
794 4031 868 4093 luna
895 4030 1001 4114 nigrae
1032 4030 1135 4094 alutae
1164 4024 1326 4109 apposita?

207 4139 316 4202 Nonne
341 4138 476 4220 quisquis
500 4141 547 4204 est
569 4139 709 4202 fortunae
734 4138 826 4212 iilius,
858 4137 922 4201 sine
946 4137 1055 4201 lunula
1079 4136 1134 4199 illa
1162 4130 1327 4197 habebitur

208 4247 314 4315 cautor
345 4245 500 4329 egregius,
535 4246 675 4326 qrremxis
703 4246 836 4328 angusta
864 4243 905 4308 sit
932 4245 963 4318 et
991 4243 1094 4315 tenuis
1121 4261 1178 4307 vox
1207 4237 1272 4305 eius
1296 4237 1328 4308 et
