3052 4666
688 323 857 398 ,30-

298 489 499 556 Scribeudum
523 498 569 557 est
592 494 622 557 in
646 494 703 557 hoc
726 513 815 558 versu
831 487 901 558 curn
917 494 1032 576 optimo
1049 494 1152 558 codice
1167 492 1193 555 P
1211 511 1324 573 „quem

211 599 922 680 19119999911.“,9999199119(1919991199911991
935 600 1116 664 scholiastae
1130 598 1325 664 adnotatione

205 724 245 768 ex
270 705 327 770 hac
350 725 455 769 versus
478 706 608 770 lectione
636 706 718 769 haud
743 707 835 771 dubie
863 707 1000 788 profecta
1024 706 1136 784 „valde
1160 705 1326 772 disertus‘.

33 1023 107 1105 XV,
133 1025 209 1092 979.
302 1024 482 1107 Quintae
497 1027 682 1095 decimae
697 1028 1066 1095 991119999199997
1082 1029 1175 1094 9198
1216 1031 1325 1093 Huius

209 1135 306 1207 enim,
329 1136 418 1213 quod
439 1156 522 1197 9999
545 1137 669 1216 agitur,
694 1139 883 1199 miserabile
910 1139 1004 1201 debet
1031 1139 1225 1221 Exemplum
1256 1159 1326 1200 esse

210 1240 281 1315 cibi,
309 1241 394 1302 sicut
421 1243 516 1304 rrzodo
546 1244 634 1305 dicta
661 1244 743 1305 milu'
766 1265 864 1324 gens,
894 1243 946 1324 qui
970 1245 1001 1307 91
1025 1243 1164 1309 codicum
1188 1244 1326 1308 omnium

210 1362 356 1409 consensu
389 1347 420 1410 91
448 1347 631 1411 scholiorum
660 1349 834 1413 testimonio
864 1349 1020 1414 Iuvenalis
1055 1370 1120 1415 esso
1148 1350 1325 1427 traduntur,

210 1451 324 1516 delevit
357 1451 498 1536 Guyetus
522 1456 552 1519 91
580 1457 650 1536 post
674 1474 744 1520 cum
768 1455 937 1520 Franchius
970 1456 1101 1539 (quaest.
1136 1457 1189 1523 alt.
1218 1477 1249 1538 p.
1280 1457 1325 1541 5),

210 1558 335 1623 Iahnius
371 1548 501 1646 (raba),
540 1562 733 1630 Weidnerus.
791 1564 1001 1646 Argumenta,
1035 1564 1146 1645 quibus
1180 1565 1325 1629 Iuvenale

208 1664 349 1748 indignos
372 1685 422 1730 eos
445 1687 510 1732 esse
534 1669 723 1748 ostendatur,
747 1670 883 1753 congerit
905 1670 1090 1735 Ribbeckius
1111 1690 1142 1751 p.
1167 1673 1218 1735 48.

297 1771 357 1836 Sed
369 1792 508 1855 perverse
526 1776 780 1858 interpunxerunt
795 1777 925 1842 editores
941 1779 1051 1842 etcum
1068 1776 1106 1840 iis
1122 1776 1321 1843 Rihbcchius:

208 1898 266 1943 uon
283 1882 356 1944 sunt
368 1883 449 1946 enim
467 1903 558 1950 verss.
574 1885 615 1948 97
629 1903 667 1952 ss.
682 1884 885 1967 coniungendi
908 1903 979 1949 curn
994 1883 1032 1947 iis
1050 1903 1128 1964 quae
1144 1884 1323 1964 sequuntur,

209 1987 260 2050 sed
291 1991 404 2069 puncto
432 1992 501 2070 post
529 1996 645 2074 „gens“
675 1991 772 2073 posito
802 1991 990 2074 seiungenda
1018 2010 1036 2055 a
1065 2011 1093 2058 v.
1124 1991 1177 2068 99,
1206 1991 1243 2054 ut
1271 2009 1325 2070 por

209 2095 351 2159 voculam
376 2100 485 2179 ‚post“
512 2096 581 2181 (99)
606 2117 719 2162 norum
743 2097 910 2180 incipiatur
933 2098 1138 2175 enuntiatum,
1163 2115 1268 2160 versus
1284 2099 1324 2161 97

210 2203 241 2264 91
266 2206 308 2268 98
332 2204 500 2284 separatim
524 2204 750 2288 intelligantur.
799 2203 865 2283 Quo
889 2205 970 2268 19919
993 2205 1178 2271 vocabulum
1203 2205 1324 2282 „sicut‘

208 2308 336 2373 minime
366 2311 501 2391 positum
534 2314 594 2389 est,
632 2312 664 2375 id
698 2312 779 2393 quod
812 2312 1003 2393 vituperavit
1034 2312 1238 2391 Ribbechius,
1271 2333 1325 2395 pro
1431 2328 1436 2338 ·

208 2417 375 2497 siquidem,
404 2418 456 2481 sed
488 2420 654 2499 usurpatur
689 2437 739 2495 ea,
769 2438 830 2499 qua
864 2438 985 2501 semper
1017 2421 1129 2499 utitur,
1163 2420 1325 2491 sententia.

208 2523 308 2603 Ipsius
332 2526 437 2587 autem
462 2542 568 2587 versus
592 2525 633 2588 97
658 2524 750 2587 rerba
773 2525 818 2588 ita
841 2525 904 2588 fere
927 2525 1009 2590 inter
1025 2547 1056 2591 99
1073 2530 1144 2592 9991
1158 2528 1327 2612 iungenda:

209 2629 322 2708 „huius
349 2630 431 2694 enim
459 2630 521 2695 cibi
554 2630 743 2712 exemplum,
774 2630 855 2711 quod
888 2651 969 2695 nunc
1002 2634 1119 2716 agitur,
1153 2636 1328 2700 miserabile

209 2737 300 2802 debet
323 2741 425 2813 esse“;
459 2756 530 2802 nam
556 2737 669 2816 „huius
697 2738 778 2801 cibi‘
809 2737 884 2818 quid
914 2739 972 2803 sibi
1005 2740 1081 2805 velit
1104 2762 1119 2806 e
1142 2742 1328 2825 praegressis

208 2845 283 2910 satis
306 2844 418 2915 919991.
464 2843 950 2914 1199999919991991991119999
984 2846 1063 2911 denn
1092 2849 1146 2912 der
1170 2850 1247 2913 oben
1272 2869 1327 2933 ge-

209 2956 344 3018 nannten
369 2953 473 3035 Speise
497 2951 641 3035 Beispiel,
667 2972 718 3016 urn
737 2951 791 3016 das
807 2971 838 3017 99
853 2952 916 3016 sich
933 2953 998 3017 hier
1013 2953 1141 3019 handelt
1158 2952 1191 3038 (i.
1206 2974 1231 3024 9.
1246 2956 1328 3037 apud

209 3062 390 3145 Vascones),
426 3080 512 3125 muss
544 3060 665 3124 Mitleid
694 3079 833 3144 erregen,
858 3060 969 3142 quibus
999 3060 1099 3125 verbis
1126 3059 1324 3144 significetur,

208 3169 384 3232 Vasconum
416 3168 548 3233 facinore
580 3167 694 3232 moveri
722 3167 965 3232 misericordiam
994 3167 1092 3251 magis
1125 3186 1219 3248 quam
1246 3166 1325 3228 iram

209 3277 240 3340 et
262 3275 514 3358 indignationem.
562 3274 680 3338 Deinde
704 3276 796 3340 verba
820 3276 926 3355 ,;dicta
950 3275 1026 3338 mihi
1047 3279 1142 3359 gens‘
1167 3271 1324 3337 referenda

209 3385 282 3447 sunt
306 3383 344 3446 ad
360 3382 525 3459 Vascones,
550 3382 587 3445 91
602 3381 736 3446 dicatur:
760 3402 819 3447 non
835 3382 937 3446 minus
953 3380 1193 3445 misericordiam
1209 3380 1324 3457 moret,

208 3490 289 3572 quod
302 3491 455 3555 Vascones
465 3489 545 3553 inter
561 3508 593 3553 se
610 3488 754 3554 devorare
771 3489 868 3554 coacti
884 3489 966 3565 sunt,
983 3506 1076 3570 quam
1093 3487 1152 3569 ipsi
1168 3487 1324 3551 Vascones

209 3598 399 3663 miserabiles
414 3599 486 3661 sunt
501 3597 669 3680 longinqua
683 3596 837 3661 obsidione
853 3595 893 3659 ad
910 3614 1063 3659 summam
1081 3595 1325 3678 desperationem

208 3704 345 3773 adducti.
371 3704 488 3768 Verum
505 3702 583 3767 vidit
603 3703 834 3787 Hertubergius,
851 3701 905 3783 qui
916 3703 961 3767 ita
982 3722 1089 3768 versus
1103 3703 1326 3785 interpretatus

209 3813 270 3882 cst:
317 3811 406 3875 Danu
430 3811 496 3875 hier
519 3810 648 3875 handelt
671 3830 702 3874 es
725 3811 790 3875 sich
810 3830 864 3874 um
888 3809 937 3874 ein
954 3809 1089 3892 Beispiel
1104 3810 1328 3875 schrcclrlicher

209 3916 330 3999 Speise‚
364 3919 427 3982 Das
451 3918 505 3982 der
528 3917 768 4001 Bejammerung
791 3918 881 3996 went,
910 3917 967 3981 uie
991 3917 1045 3981 das
1069 3917 1166 3996 voh,
1203 3916 1257 3980 das
1278 3915 1325 3978 ich

208 4026 284 4089 eben
310 4025 473 4094 eruthuto.
520 4025 658 4107 Denique
688 4043 765 4107 quae
793 4025 910 4106 scripta
934 4024 1071 4088 ridemus
1096 4025 1256 4103 „fortunae
1280 4021 1326 4084 in-

209 4132 292 4197 vidia
309 4135 376 4197 cst“
395 4132 465 4217 (95)
483 4133 560 4196 nihil
576 4133 692 4196 habent
707 4133 894 4200 offensionis:
912 4153 983 4196 nam
999 4133 1032 4196 hi
1048 4151 1152 4197 versus
1168 4130 1259 4211 (93-
1271 4129 1326 4210 96)

208 4259 268 4304 non
291 4240 362 4303 sunt
384 4259 488 4303 rerum
520 4239 676 4320 scriptoris
704 4239 875 4321 antiquitus
899 4240 982 4304 19919
1002 4239 1164 4316 narrantis,
1187 4235 1240 4326 sed
1257 4237 1329 4298 sunt
