3052 4666
683 306 855 373 ..15-

197 483 290 529 verse.
314 483 396 546 spur.
413 485 442 546 p.
462 467 481 529 9
497 465 535 549 s.)
553 467 584 529 et
599 465 797 531 Heinrichius
813 470 844 532 et
859 469 881 533 J
883 469 991 533 abnius
1015 470 1152 535 dicentes
1175 468 1316 537 inutilem

200 591 271 635 eum
296 591 361 636 esse
386 574 417 635 et
431 571 611 655 languidum
634 575 665 637 et
680 574 903 656 interrumpere
921 577 1145 642 sententiarum
1170 579 1318 646 ordinem.

200 677 336 756 Quorum
358 679 541 744 iudiciorum
567 679 685 742 nullum
709 680 835 764 dignum
861 684 916 758 est,
949 684 1029 764 quod
1054 687 1237 766 spectemur,
1262 685 1321 749 nisi

199 784 242 865 id,
266 805 325 868 quo
349 786 569 850 sententiarum
592 786 730 851 ordinem
746 789 870 852 turbare
887 808 992 853 versus
1017 790 1138 858 dicitur.
1176 792 1321 855 Confiteri

103 967 107 972 g
199 911 360 974 possumus
401 893 463 956 sine
502 892 565 956 ulla
603 893 794 958 dubitatione
832 895 982 959 retardari
1021 915 1110 960 versu
1151 898 1320 979 exponendi

199 1018 403 1084 progressum.
452 999 533 1062 Nam
562 998 721 1064 interiecto
746 1019 831 1064 versu
863 1001 1028 1066 dummodo
1060 1002 1216 1085 singulare
1245 1002 1319 1083 quid

201 1108 232 1171 et
255 1105 424 1170 attentione
453 1105 580 1189 dignum
611 1107 800 1189 significetur
828 1110 860 1172 et
883 1109 1049 1187 efficiatur,
1078 1111 1115 1173 ut
1137 1109 1189 1190 qui
1212 1108 1319 1191 legunt

200 1214 317 1278 maiora
340 1231 403 1277 esse
428 1233 504 1295 quae
522 1215 669 1295 sequntur
691 1215 739 1291 iic,
764 1234 843 1297 quae
871 1235 1046 1298 praegressa
1069 1216 1151 1293 sunt,
1175 1215 1317 1292 sentiant,

200 1315 258 1385 non
282 1319 380 1384 solum
404 1320 529 1384 ferenda
553 1322 600 1384 est
624 1321 772 1385 eiusmodi
788 1323 867 1387 ratio
891 1322 1021 1400 dicendi,
1046 1321 1215 1386 sedetiam
1239 1321 1320 1385 omni

200 1428 292 1493 laude
318 1427 438 1491 uidetur
462 1427 554 1510 digna
571 1447 647 1504 esse,
673 1429 784 1510 quippe
806 1449 867 1511 qua
884 1429 1043 1494 contrariis
1061 1429 1159 1493 acrius
1176 1427 1321 1509 oppositis

201 1535 370 1618 legentium
394 1533 491 1597 animi
514 1535 740 1616 suspendantur
768 1537 800 1599 et
823 1536 990 1618 erigantur,
1035 1537 1145 1618 Neque
1177 1535 1236 1599 erit
1268 1534 1321 1616 qui

201 1643 306 1724 neget,
331 1641 388 1704 boc
418 1639 540 1721 quidem
570 1641 635 1704 loco
678 1641 827 1705 eiusmodi
860 1661 981 1705 versum
1016 1661 1080 1705 esse
1113 1641 1318 1723 aptissimum.

200 1749 284 1811 Nam
318 1748 349 1810 id
382 1745 504 1828 quidem
548 1767 607 1811 uon
646 1747 767 1811 excedit
807 1747 900 1811 fidem
939 1749 1107 1811 humanam
1141 1766 1238 1828 neque
1275 1746 1321 1809 ita

202 1855 401 1918 vehementer
424 1855 596 1918 commovet
619 1855 777 1918 bominum
803 1855 929 1932 animos,
954 1855 1035 1935 quod
1053 1855 1158 1918 viuum
1175 1855 1320 1934 patronus

201 1960 281 2024 bibit
304 1959 415 2023 melius
439 1979 532 2041 quam
556 1955 692 2038 clientes,
717 1960 769 2024 sed
792 1961 971 2025 incredibile
994 1961 1057 2024 fere
1090 1962 1137 2024 est
1169 1961 1201 2023 et
1224 1959 1321 2023 sordi·

202 2066 322 2130 dissimi
343 2067 475 2130 hominis
498 2067 545 2130 uti
574 2067 668 2130 etiam
697 2086 792 2149 aqua,
821 2069 857 2131 ut
889 2068 972 2131 clare
1001 2070 1032 2132 et
1062 2067 1221 2149 perspicue
1250 2067 1321 2129 ante

202 2173 305 2237 ocolus
346 2174 495 2255 proponat
536 2173 700 2238 odientibus
741 2174 877 2255 ipsorum
919 2175 1138 2244 humilitatem.
1204 2172 1321 2239 Deinde

201 2281 322 2343 tantum
352 2281 452 2357 abest,
488 2281 522 2342 ut
556 2279 757 2343 concedamus
791 2281 937 2362 languere
974 2301 1114 2356 versum,
1153 2281 1188 2343 ut
1216 2280 1321 2343 contra

201 2405 367 2467 ponamus,
405 2385 598 2450 manifestius
636 2386 727 2449 huius
765 2407 871 2450 versus
917 2406 1007 2469 opera
1042 2385 1166 2470 depingi
1199 2385 1322 2468 patroni

201 2491 386 2573 superbiam.
435 2491 516 2555 Nam
540 2493 719 2574 interposito
743 2494 799 2556 boc
823 2512 912 2557 versu
935 2493 1035 2556 utitur
1057 2495 1164 2575 poeta,
1193 2495 1228 2556 ut
1251 2511 1321 2556 cum

202 2599 231 2661 vi
256 2598 389 2679 quadam
419 2600 449 2662 et
472 2599 605 2679 pondere
630 2601 772 2679 exponat,
798 2600 892 2662 etiam
917 2599 1031 2664 maiore
1047 2600 1216 2682 ignominia
1240 2599 1321 2662 affici

202 2705 328 2770 clientes
352 2725 394 2780 eo,
421 2706 500 2788 quod
525 2725 582 2769 non
608 2706 713 2769 eadem
738 2725 818 2788 aqua
833 2706 871 2769 iis
894 2707 1028 2787 ponitur,
1054 2727 1146 2788 quam
1170 2725 1214 2784 eo,
1241 2705 1319 2787 quod

201 2815 307 2878 vinum
330 2814 410 2878 illud
439 2813 563 2878 minoris
591 2814 680 2877 notae
713 2813 817 2876 bibere
841 2814 997 2896 coguntur.
1045 2814 1100 2878 Est
1134 2813 1215 2877 enim
1245 2813 1320 2888 eius,

202 2921 254 3003 qui
278 2940 371 3003 quam
387 2922 488 3002 potest
501 2919 667 2984 clarissime
685 2921 835 3002 explicare
853 2920 967 2997 studet,
992 2922 1141 3002 quantum
1160 2919 1320 2983 discrimen

202 3029 281 3092 inter
318 3026 395 3090 duas
430 3046 478 3090 res
517 3025 703 3103 intercedat,
736 3026 784 3089 uti
828 3026 1076 3109 interrogationis
1114 3025 1227 3112 figura,
1262 3044 1321 3106 qua

202 3135 405 3216 exprimatur,
429 3134 604 3215 pronihilo
629 3134 802 3198 ducendum
827 3153 891 3198 esse
920 3133 952 3196 id
983 3133 1062 3214 quod
1091 3133 1180 3196 modo
1209 3131 1320 3194 dixerit

202 3261 274 3323 prae
298 3241 347 3319 iis,
373 3259 450 3323 quae
476 3240 604 3304 dicenda
627 3242 760 3318 restent,
785 3242 816 3304 et
838 3240 952 3317 facere,
984 3241 1020 3302 ut
1047 3236 1318 3320 interrogationem

202 3347 305 3412 minus
341 3346 418 3410 illud
452 3347 690 3428 amplectentem
726 3347 858 3428 excipiat
897 3344 1079 3428 asyndeton,
1120 3362 1178 3424 quo
1220 3342 1319 3406 maius

203 3455 375 3519 continetur
411 3455 443 3517 et
472 3453 654 3521 inauditum.
711 3455 759 3516 lta
787 3452 844 3516 hoc
873 3453 938 3514 loco
967 3451 1058 3531 poeta
1093 3449 1192 3512 utitur
1222 3449 1319 3513 inter·

202 3561 369 3644 rogatione,
395 3561 431 3624 ut
454 3561 610 3638 ostendat,
639 3578 731 3640 quam
755 3559 831 3623 levis
856 3557 897 3620 sit
919 3555 1087 3638 ignominia
1111 3555 1227 3620 minore
1251 3557 1321 3621 vino

203 3668 364 3733 clientibus
395 3668 503 3731 affecta
531 3668 709 3747 comparata
739 3685 807 3729 cum
837 3683 885 3741 eo,
921 3663 1001 3744 quod
1035 3682 1071 3726 ne
1101 3662 1207 3727 eadem
1241 3684 1321 3747 aqua

203 3773 328 3856 quidem
360 3774 398 3837 iis
432 3774 494 3837 frui
528 3775 611 3838 licet.
663 3775 703 3837 ut
737 3775 783 3837 est
816 3770 1016 3854 interrogatio
1051 3770 1107 3834 llla
1147 3772 1321 3836 miserantis

203 3881 295 3944 simul
319 3881 351 3944 et
371 3880 528 3944 irridentis
551 3880 686 3959 clientes,
710 3882 742 3946 et
768 3880 860 3962 plena
889 3879 953 3942 irae
978 3881 1009 3942 et
1033 3879 1266 3960 contemptionis
1289 3877 1320 3938 in

203 3990 384 4070 patronum!
773 4000 777 4006 “

292 4093 404 4158 Contra
430 4095 455 4158 si
480 4095 652 4159 doleremus
675 4113 806 4168 versum,
831 4094 922 4175 plane
937 4093 1028 4156 inane
1045 4093 1124 4156 esset
1139 4087 1319 4154 vocabulum

208 4201 353 4281 ,aliam“,
377 4220 432 4281 pro
462 4220 521 4284 quo
551 4203 743 4284 exspectares
771 4200 873 4282 potius
905 4202 1148 4278 ,communom“,
1177 4194 1320 4272 ,vilem“,
