3052 4666
672 353 844 418 ..26-

198 509 220 574 ii
238 510 379 588 audiunt,
404 530 479 591 quos
496 511 716 576 causidicorum
733 512 861 578 interest
877 513 952 576 bene
974 513 1011 577 de
1027 512 1147 576 iliorum
1167 511 1318 576 reditibus

200 616 312 681 sentire
341 618 372 681 et
396 637 523 700 magnas
551 618 612 682 iilis
642 620 794 684 mercedes
823 619 926 684 venire
953 619 1073 700 putare.
1130 617 1261 696 Quinam
1287 620 1317 686 bi

198 725 296 790 suntt
324 723 464 787 Primum
496 725 628 789 creditor
657 726 805 790 causidici
835 725 945 807 ipsins;
975 745 1047 788 nam
1078 726 1113 788 ut
1147 724 1197 788 hio
1224 724 1317 789 fidem

199 848 287 893 snam
310 831 435 894 tueatur
458 832 489 895 et
514 851 599 912 spem
624 832 766 897 creditori
782 832 876 896 i'aciat
892 832 991 896 facilis
1008 830 1176 908 solutionis
1200 831 1319 895 reditus

199 926 269 1001 suos
293 940 491 1020 exagge1·at.“
539 937 624 1017 Quae
648 958 719 1003 vera
743 959 805 1004 esse
838 958 926 1003 nemo
958 938 1095 1021 negabit.
1144 938 1186 1001 nt
1217 936 1319 1020 pergit

198 1044 374 1127 Madvigius
398 1045 490 1109 haece
514 1045 690 1128 disputans:
716 1046 847 1123 „deinde
871 1045 904 1108 id
927 1046 979 1123 fit,
1005 1064 1073 1109 curu
1097 1043 1196 1109 acrior
1221 1045 1317 1109 ctiam

198 1151 348 1216 creditore
375 1152 458 1215 latus
490 1152 594 1234 tetigit
621 1154 652 1217 et
680 1152 780 1235 magis
812 1153 967 1217 hominem
1000 1151 1147 1216 excitavit
1179 1151 1319 1234 litigator

199 1260 231 1322 ot
253 1257 393 1340 litigator
417 1256 502 1322 dives
525 1260 556 1322 et
580 1258 706 1322 dubiam
731 1278 853 1323 cansam
878 1260 1020 1336 afferens
1049 1257 1179 1322 dubium
1207 1277 1317 1323 nemen

199 1366 319 1447 petens;
344 1383 414 1428 narn
440 1365 477 1427 ab
509 1364 566 1429 hoc
596 1384 630 1429 eo
654 1365 752 1430 maior
782 1385 898 1430 merces
922 1365 1127 1446 exprimetur,
1157 1385 1216 1446 quo
1250 1365 1319 1446 plus

200 1471 291 1554 vulgo
315 1470 505 1535 causidicum
529 1470 666 1553 accipere
689 1473 784 1537 solere
808 1471 1004 1540 crediderit.“
1054 1470 1142 1550 erae
1166 1491 1237 1536 vera
1254 1491 1319 1536 esse

200 1578 343 1659 equidem
366 1578 550 1661 persuadere
574 1579 650 1643 mihi
674 1600 732 1644 non
756 1598 889 1661 possum.
923 1578 1006 1643 Nam
1031 1598 1101 1642 cum
1125 1580 1319 1660 comparetur

200 1684 274 1762 eius,
300 1685 353 1766 qui
378 1685 475 1749 acrior
498 1685 581 1749 latus
604 1685 719 1767 tetigit,
743 1686 821 1750 ratic
846 1685 999 1750 tractandi
1031 1685 1218 1749 causidicum
1249 1705 1319 1749 cum

200 1791 316 1855 ratione
341 1791 509 1868 creditoris,
536 1791 658 1856 videtur
685 1792 825 1856 concludi
850 1812 950 1874 posse,
976 1812 1048 1857 eum
1071 1811 1191 1874 qnoque
1215 1811 1319 1878 essee

200 1897 383 1962 creditorum
420 1918 555 1964 nunrero.
598 1897 732 1963 'Deinde
767 1899 916 1981 scripturn
949 1899 1098 1964 habemus
1140 1898 1244 1976 „venit
1278 1897 1318 1962 ad

201 2005 331 2070 dubium
362 2005 472 2088 grandi
505 2025 576 2069 cum
614 2005 717 2070 codice
749 2013 891 2083 uomen“,
929 2025 1008 2087 quae
1043 2006 1134 2069 verba
1169 2005 1319 2086 quomodo

201 2112 381 2193 explicanda
404 2112 466 2177 sint
489 2115 617 2195 accepta
641 2107 793 2196 Madvigii
817 2113 1069 2195 interpretatione
1093 2113 1235 2193 equidem
1262 2133 1318 2178 non

202 2218 300 2287 video.
346 2219 427 2283 Nam
452 2219 546 2302 ipsius
569 2219 720 2304 Madvigii
744 2221 838 2285 verba
863 2220 1010 2299 „dubiam
1033 2239 1156 2284 causam
1181 2219 1318 2296 afferens,

202 2325 330 2390 dubiumr
363 2346 472 2390 nomen
513 2327 641 2409 petens*
682 2324 740 2391 non
772 2327 853 2392 idem
887 2328 989 2392 valere
1021 2347 1057 2391 ac
1088 2327 1181 2391 verba
1213 2324 1319 2409 poetae

204 2433 347 2510 „veniens
371 2433 409 2496 ad
439 2433 568 2498 dubium
600 2438 731 2497 nomen“
760 2453 815 2515 per
845 2452 876 2498 se
904 2435 1001 2516 patet.
1049 2432 1130 2512 Quid
1158 2433 1238 2498 enim
1274 2435 1321 2498 est

201 2539 327 2621 grandis
350 2539 466 2604 codex?
513 2538 591 2604 Sunt
614 2541 741 2605 tabulae
773 2540 946 2617 creditoris,
971 2540 1152 2623 argentarii,
1182 2540 1215 2603 in
1244 2560 1321 2622 quas

203 2645 310 2710 retulit
342 2645 475 2711 nomina.
529 2645 608 2725 Quid
640 2649 712 2710 sunt
743 2647 886 2712 nomina?
941 2647 1140 2712 Translatum
1172 2648 1218 2712 est
1245 2647 1274 2714 b.
1299 2647 1320 2713 1.

205 2751 389 2816 vocabulum
413 2753 544 2816 nominis
568 2753 704 2831 adeum,
730 2753 780 2834 qni
799 2754 890 2818 debet
902 2754 1074 2836 pecuniam.
1121 2754 1214 2819 Venit
1226 2753 1322 2837 igitur

202 2859 254 2922 ille
278 2858 317 2922 ad
342 2878 437 2922 unum
461 2879 476 2923 e
501 2857 673 2923 debitorum
691 2878 825 2927 nurnero.
874 2859 968 2924 Cuius
984 2861 1089 2923 autem
1106 2826 1319 2943 iocus'ucigit,

203 2965 358 3047 adquam
382 2965 489 3030 venit?
512 2965 630 3048 Tetigit
652 2964 733 3030 latus
757 2965 915 3045 causidici,
947 2967 1032 3030 venit
1055 2967 1095 3030 ad
1119 2967 1320 3032 causidicum.

202 3074 341 3156 Apparet
365 3073 553 3137 causidicum
579 3092 644 3137 esse
668 3093 684 3136 e
708 3072 896 3137 debitoribus
920 3071 996 3150 eius,
1022 3072 1075 3154 qui
1098 3073 1181 3137 latus
1204 3072 1319 3155 tetigit.

203 3180 364 3245 Exsistunt
387 3180 483 3263 igitur
507 3181 537 3244 h.
561 3180 581 3248 l.
607 3180 666 3244 dno
691 3180 865 3258 creditores,
891 3199 1021 3262 quorum
1052 3180 1131 3243 alter
1154 3176 1321 3244 mendaciis

203 3287 349 3352 causidici
383 3287 516 3365 fallitur,
549 3288 627 3352 alter
667 3292 750 3352 mota
780 3288 949 3370 suspicione
984 3287 1067 3352 venit
1099 3305 1168 3349 cnm
1203 3282 1319 3348 tabulis

203 3394 342 3459 debitum
367 3394 573 3477 flagitaturus,
599 3414 658 3476 quo
681 3395 727 3472 fit,
753 3397 787 3459 ut
811 3395 925 3459 mirum
943 3396 980 3458 ‘in
1003 3392 1128 3457 modum
1145 3389 1317 3456 causidicus

203 3501 240 3566 de
269 3500 460 3566 mercedibus
493 3501 556 3565 suis
587 3501 711 3585 gloriari
744 3504 882 3584 cogatur.
936 3502 1021 3566 Hanc
1052 3500 1186 3563 nostram
1219 3496 1318 3562 inter·

203 3608 406 3690 pretationem
429 3608 454 3672 si
478 3609 649 3690 acceperis,
680 3608 770 3673 facile
799 3609 898 3673 locum
927 3606 1095 3689 intelliges
1124 3625 1222 3686 neque
1251 3605 1320 3682 erit,

204 3734 350 3779 curcum
375 3715 479 3780 Iahnio
502 3735 625 3780 versum
654 3717 714 3779 109
739 3735 905 3798 expungas.

292 3822 421 3887 Accedit
449 3823 530 3904 quod
557 3823 697 3903 ineptum
725 3821 824 3886 deleto
853 3841 943 3886 versu
970 3822 1073 3886 locum
1100 3820 1168 3886 fieri
1195 3821 1322 3885 demon-

204 3931 300 3993 strare
316 3948 485 4011 possumus.
521 3931 603 3994 Nam
629 3928 733 3993 evadit
749 3928 844 3992 eiecto
860 3948 950 3993 versu
967 3928 1045 3992 mira
1061 3927 1135 3993 haec
1153 3926 1320 3992 sententia:

205 4056 339 4119 „magna
362 4040 481 4114 sonant,
507 4037 559 4102 sed
583 4038 661 4114 tum,
686 4055 757 4100 cum
781 4035 913 4100 creditor
937 4035 1041 4114 audit,
1066 4035 1119 4117 qui
1144 4033 1228 4098 venit
1251 4050 1321 4095 cnm

204 4144 320 4207 tabulis
347 4144 385 4207 ad
416 4144 543 4208 dubium
573 4143 777 4221 debitorem;“
815 4143 903 4225 quasi
933 4142 1070 4207 dicturus
1103 4140 1195 4206 suerit
1221 4137 1322 4219 poeta,

204 4251 294 4334 longe
318 4252 422 4316 abesse
450 4252 628 4332 causidicos
654 4253 689 4315 ut
711 4250 880 4337 glorientur
896 4249 1027 4318 aliorum
1052 4267 1143 4317 causa
1166 4264 1202 4315 ac
1225 4242 1325 4313 credi-
