3052 4666
701 362 873 427 -15-

227 523 273 589 ita
296 524 517 605 interpretatur
541 521 584 606 (p.
610 523 659 606 7):
688 526 810 605 ,poeta
835 543 895 606 qua
918 524 1057 606 pollebat
1080 524 1210 589 humani
1233 519 1355 607 ingenii

231 631 357 707 notitia,
393 632 486 712 probe
520 630 685 707 intellexit,
720 631 889 707 hominem,
926 631 977 713 qui
1010 653 1104 695 unum
1139 632 1276 713 aliquem
1314 652 1349 694 ex

233 737 406 801 domesticis
430 737 469 802 ad
492 738 645 822 flagitium
669 738 858 820 pellexisset,
884 739 941 800 hac
963 739 1030 820 ipsa
1054 740 1111 818 rei,
1137 759 1213 820 quac
1239 737 1349 801 merito

233 845 313 909 inter
335 848 449 910 secreta
474 845 582 909 domus
598 847 772 921 referretur,
798 845 979 909 conscientia
996 865 1101 909 aarum
1118 846 1181 911 fore
1198 845 1235 923 ei,
1263 845 1351 907 cuius

233 953 452 1034 turpitudinem
475 953 595 1034 quaudo
620 952 714 1016 vellet
737 970 879 1015 acerrume
895 953 997 1033 posset
1020 954 1116 1036 (53).“
1170 952 1350 1015 Weidnerus

231 1059 371 1141 Rupertii
389 1060 574 1124 senteutiam
591 1059 749 1140 sequitur,
766 1059 798 1120 id
815 1059 895 1139 quod
913 1060 1013 1122 elucet
1029 1079 1064 1122 en
1080 1059 1128 1123 his
1144 1058 1351 1123 adnotationis

231 1167 345 1232 verbis:
371 1188 404 1231 er
427 1168 503 1229 11991
526 1166 590 1228 sich
608 1166 666 1240 ein,
691 1184 748 1227 nur
763 1184 816 1225 um
834 1185 871 1227 zu
888 1165 1037 1232 ert’ahrerr,
1086 1166 1235 1246 Equidem
1253 1166 1352 1229 facere

232 1291 291 1335 non
326 1291 465 1352 possum,
502 1271 574 1349 quin
609 1271 821 1332 Hermaunum
859 1288 984 1349 sequar,
1018 1272 1049 1332 et
1080 1290 1271 1336 commoveor
1305 1271 1353 1334 bis

235 1377 351 1442 causis:
376 1376 512 1456 primum
537 1375 663 1438 verbum
688 1357 812 1450 sciendi,
837 1375 863 1436 si
886 1375 1072 1456 Rupertirrm
1097 1379 1127 1440 91
1150 1377 1352 1441 Weidrrerum

236 1482 411 1563 sequimur,
443 1480 623 1545 vertendum
655 1480 742 1544 nobis
766 1482 813 1544 est
839 1501 894 1562 per
919 1484 1097 1546 Kenntniss
1122 1487 1280 1568 erlangen
1303 1485 1352 1549 vcl

236 1592 397 1670 erfalzren
429 1588 494 1669 (cfr.
521 1588 676 1670 bleida),
701 1607 794 1668 quam
823 1589 860 1652 ob
892 1608 956 1652 rem
986 1589 1155 1670 Rupertius
1183 1591 1352 1673 proverbe

235 1696 349 1761 sciendi
372 1695 474 1777 posuit
496 1695 527 1758 in
552 1696 741 1759 enarratione
759 1696 886 1759 verbum
907 1697 1071 1782 resciendi3
1096 1698 1203 1762 deinde
1228 1701 1352 1780 accepta

236 1803 376 1885 liupertii
408 1803 659 1884 interpretatione
697 1822 804 1867 revera
836 1803 866 1867 iu
900 1824 928 1872 rr.
964 1804 1024 1867 112
1060 1823 1118 1868 non
1153 1805 1351 1888 significatur,

235 1910 339 1991 qualia
368 1909 429 1973 sint
456 1911 573 1972 secreta
600 1909 669 1985 illa;
706 1913 812 1974 contra
839 1912 1008 1974 Hermanni
1040 1932 1074 1974 en
1102 1912 1353 1994 interpretatione
1447 1910 1450 1920 '

236 2015 383 2096 suspicari
412 2015 500 2093 licet,
530 2015 698 2079 Graeculos
726 2018 804 2079 velle
834 2003 940 2098 stupra
969 2037 1038 2081 oum
1072 2018 1246 2082 domesticis
1270 2018 1353 2082 facta

237 2124 423 2185 secretorum
446 2120 510 2184 loeo
534 2122 657 2198 habere,
682 2122 864 2202 quibuscum
881 2122 963 2185 fama
984 2125 1106 2204 patroni
1123 2128 1154 2190 et
1166 2124 1352 2189 existimatio

236 2248 327 2310 penes
351 2228 431 2310 ipsos
455 2229 503 2296 sit.
544 2226 644 2305 Quam
668 2228 766 2309 operis
782 2230 913 2308 partem,
938 2230 990 2293 rrbi
1005 2229 1072 2293 fieri
1088 2233 1199 2312 potest,
1223 2250 1351 2295 suavem

237 2336 420 2417 dulcemque
444 2335 569 2399 reddere
597 2335 723 2398 student
751 2333 841 2415 (filia,
871 2336 956 2420 uirgo
981 2336 1060 2421 cet);
1089 2338 1147 2423 ubi
1170 2357 1228 2402 non
1253 2338 1355 2419 potest

235 2442 312 2520 fieri,
336 2463 374 2507 ne
402 2444 470 2506 avia
495 2442 619 2525 quidem
650 2441 823 2509 abhorrent.
871 2442 1017 2524 Sequitur
1047 2445 1139 2508 verba
1177 2445 1304 2521 ,horum
1328 2443 1353 2507 si

237 2548 313 2612 nihil
337 2552 400 2614 est“
428 2550 586 2614 referenda
610 2567 673 2613 esse
697 2549 736 2612 ad
752 2549 944 2614 iuventutem
970 2552 1269 2633 corrumpendarum,
1294 2571 1352 2615 non

237 2657 276 2721 ad
299 2657 564 2734 necessitudinem,
589 2676 649 2737 qua
674 2676 744 2719 curn
761 2657 882 2721 domino
899 2658 1052 2722 coniuncti
1076 2660 1157 2737 sunt,
1182 2659 1353 2740 falsamque

236 2764 331 2847 igitur
355 2784 419 2829 esse
443 2764 551 2827 Kiaeri
575 2752 748 2844 opinionem
771 2763 819 2826 his
843 2765 943 2827 verbis
960 2765 1112 2845 prolatam
1138 2763 1181 2846 (p.
1208 2767 1270 2830 195
1294 2766 1354 2846 n.):

242 2871 313 2946 ,illa
329 2890 458 2951 persona
475 2869 565 2951 (quae
583 2870 773 2951 significatur
788 2890 816 2938 v.
832 2873 906 2954 112)
920 2857 1125 2952 apropinquis
1138 2872 1169 2934 91
1180 2869 1357 2933 necessariis

238 2975 356 3038 diversa
386 2994 450 3038 esse
483 2975 584 3037 debet.
639 2976 752 3037 Eorum
788 2975 868 3037 enim
903 2976 1150 3039 commemoratio
1178 2975 1266 3038 finita
1290 2976 1354 3038 est:

240 3082 356 3145 Horum
373 3080 399 3143 si
415 3079 491 3142 nilril
508 3082 563 3156 est,
588 3080 641 3142 sed
657 3080 726 3142 aria
743 3081 824 3144 certe
842 3081 880 3143 ad
897 3082 1015 3145 Horum
1032 3081 1260 3144 annumeranda
1277 3082 1351 3144 est.“

237 3188 375 3269 Denique
384 3186 552 3251 notandum
560 3187 615 3263 est,
623 3186 811 3267 permultum
824 3187 887 3251 sine
898 3187 989 3250 dubio
1000 3187 1145 3250 interesse
1157 3185 1355 3264 Graecorum,

237 3298 272 3360 ut
288 3315 304 3360 e
321 3295 412 3358 dorne
428 3313 516 3374 quem
535 3295 741 3375 corrumpant,
763 3293 795 3356 id
811 3295 891 3375 quod
912 3295 1040 3375 apparet
1056 3293 1105 3357 rel
1120 3313 1169 3372 eo,
1183 3295 1262 3375 quod
1279 3293 1356 3358 nulli

237 3403 458 3467 enumerantur
480 3401 540 3464 nisi
562 3399 726 3482 propinqui
751 3400 866 3463 domini
894 3402 925 3464 91
948 3399 1119 3467 necessarii.
1166 3399 1206 3463 Et
1229 3400 1255 3463 si
1278 3399 1356 3463 nihil

238 3509 405 3573 voluissent
428 3508 487 3571 nisi
509 3508 654 3571 inservire
684 3507 820 3586 libidini,
853 3527 916 3585 cur
934 3527 1004 3570 cum
1034 3507 1097 3570 illis
1121 3506 1195 3588 ipsis
1215 3509 1356 3587 stuprum

237 3613 337 3678 facere
353 3616 427 3679 adeo
444 3615 526 3679 cordi
542 3615 581 3678 iis
597 3617 683 3683 erat‘l
722 3617 815 3680 Patet
831 3618 947 3679 certum
969 3613 1127 3679 eonsilium
1144 3633 1193 3678 eos
1207 3613 1356 3694 persequi.

239 3721 281 3782 Et
302 3720 334 3782 id
357 3721 435 3784 latet
457 3721 488 3784 in
512 3743 599 3787 versu
626 3726 699 3789 113.
726 3760 765 3769 —

691 3937 904 3945 ———-—.

118 4071 159 4154 V,
184 4072 236 4144 51.
328 4075 493 4140 Satira&
512 4075 546 4140 V
564 4091 735 4142 Versum
758 4080 797 4144 51
846 4082 922 4144 Non
936 4081 1048 4143 eadem
1065 4081 1155 4143 vobis
1167 4081 1249 4160 paeri
1260 4081 1355 4144 neoda

230 4187 307 4248 virm
336 4184 517 4266 querebar?
551 4202 642 4264 quem
673 4205 710 4248 ne
734 4185 925 4250 Ribbeclrius
954 4186 1079 4269 quidem
1107 4188 1233 4270 tangere
1264 4206 1365 4250 ausus·

232 4292 289 4370 est,
315 4290 493 4354 deleverunt
517 4290 685 4373 Pinzgerrrs
709 4291 800 4374 (blph.
834 4292 895 4359 litt.
920 4295 988 4360 Jen'.
1016 4295 1100 4357 1822
1124 4293 1166 4356 N.
1191 4295 1236 4355 82
1257 4293 1365 4353 91119
