3052 4666
702 383 851 444 -3-

214 542 337 605 mutare
360 543 416 605 aut
439 541 705 623 transpositionem
735 542 833 606 facere
862 544 1000 606 aninmm
1025 543 1166 619 indimus,
1195 544 1226 607 id
1251 544 1333 625 quod

213 646 335 729 saepius
363 649 480 713 t'actum
510 668 574 712 esse
599 650 719 712 constat
747 648 815 729 (Vl,
846 650 1022 715 1211111.
1055 651 1122 725 Vll,
1147 652 1185 713 51
1213 650 1333 733 Jahn).

212 754 396 819 Rectissime
427 754 584 837 Gruppius
617 754 705 819 rlceet
735 754 869 837 (deae-us
892 777 921 837 p,
947 758 1018 839 ital:
1055 777 1086 821 es
1114 763 1235 821 creussen
1260 757 1334 822 zuei

211 861 312 944 Dinge
329 861 626 938 zusammeutreffen‚
643 861 692 925 die
708 882 765 946 gar
780 863 866 926 nieht
882 883 914 927 sc
930 863 1026 927 leielrt
1042 863 1228 927 beisannueu
1247 863 1332 929 sind:

212 966 262 1032 dic
291 973 413 1031 iussere
436 966 640 1050 Maglienkeit
668 968 731 1032 und
759 970 813 1033 der
842 969 945 1033 iunere
970 968 1086 1037 Grund.
1136 967 1195 1033 Sed
1226 970 1334 1033 nurltis

216 1074 290 1140 locis
314 1073 412 1137 critici
435 1073 579 1138 videntur
608 1094 666 1138 ncn
692 1075 751 1138 nisi
777 1078 937 1157 propterea
966 1077 1046 1157 quod
1076 1078 1196 1158 peterat
1225 1076 1333 1155 deleri,

215 1180 247 1244 id
263 1179 363 1244 meliti
374 1199 448 1259 esse,
459 1182 494 1244 11
505 1181 689 1246 extricarent
701 1182 796 1246 ctiam
807 1182 884 1245 hanc
896 1182 983 1246 illam
994 1182 1115 1246 delendi
1126 1182 1334 1247 ratiunculam

212 1286 288 1368 ipsis
322 1286 422 1351 verbis
456 1287 592 1352 insitam.
648 1289 730 1352 Nam
763 1292 944 1370 quaerentes
975 1310 1046 1365 nes,
1083 1288 1233 1371 qruuncdc
1267 1288 1333 1352 lieri

213 1393 318 1474 possit,
342 1395 378 1457 11
400 1413 544 1458 versuum
568 1394 701 1460 intense
725 1396 954 1460 simillnnmum
979 1396 1033 1459 alii
1057 1396 1150 1459 deleti
1174 1394 1251 1471 sint,
1280 1394 1333 1457 alii

215 1499 340 1576 servati,
365 1503 396 1564 et
419 1506 634 1583 comparantes
650 1502 811 1584 utriusque
828 1523 970 1567 uersuum
986 1502 1106 1587 generis
1130 1501 1334 1564 conditionem

214 1625 275 1671 ncn
287 1606 394 1689 fugiet,
410 1606 480 1671 illus
492 1608 671 1673 necessitate
682 1609 805 1673 delendi
822 1612 921 1674 verbis
937 1612 1036 1693 magis
1053 1629 1146 1691 (peram
1163 1608 1335 1673 rationibus

214 1713 423 1778 demonstrata
433 1716 599 1795 expunctus
610 1734 683 1793 esse,
696 1716 766 1797 (pria
778 1720 905 1797 pessunt
914 1717 999 1780 salva
1010 1736 1151 1780 versuum
1163 1717 1334 1779 ceterarum

215 1820 315 1902 specie
339 1819 451 1896 omitti,
484 1821 538 1884 hes
562 1840 748 1902 quamquam
781 1822 890 1886 iisdem
925 1824 1115 1906 argumentis
1143 1821 1238 1904 spurii
1263 1823 1336 1885 sunt

215 1927 362 2010 putandi,
399 1930 534 1991 servatos
563 1947 640 2005 esse,
678 1928 749 2009 quia
777 1949 834 1993 non
864 1932 991 2010 pessunt
1021 1930 1122 1994 ernritti
1155 1929 1270 1993 arctius
1297 1928 1335 1991 iis

215 2054 295 2117 quac
318 2034 398 2099 circa
422 2036 494 2099 sunt
517 2033 616 2098 verbis
635 2034 799 2115 implicati.
846 2034 993 2116 Sequitur
1008 2037 1200 2118 argumenta,
1225 2034 1336 2116 quibus

219 2143 279 2207 alic
307 2142 373 2206 lccc
404 2141 503 2205 critici
528 2140 567 2205 ad
592 2141 756 2205 delendum
785 2142 991 2219 adducantur,
1017 2142 1180 2219 adolere,
1205 2142 1276 2223 quia
1300 2162 1335 2205 ex

217 2248 322 2314 urdine
354 2268 459 2312 versus
487 2247 563 2312 solvi
595 2268 652 2313 non
681 2250 823 2330 pessunt,
854 2249 930 2312 nihil
959 2251 1156 2327 crismentur,
1187 2268 1224 2313 ea
1238 2247 1333 2311 11111

216 2356 306 2421 modo
338 2376 425 2438 pesse
457 2356 626 2421 existimari
659 2356 733 2420 satis
761 2376 892 2439 magna,
922 2357 974 2421 sed
1006 2358 1061 2421 111
1088 2356 1241 2420 afferenda
1270 2372 1333 2417 esse

217 2466 401 2547 argumenta
428 2461 585 2545 graviora,
619 2464 674 2526 aut
701 2463 849 2545 genuinas
877 2463 1055 2526 iudicandus
1086 2482 1151 2527 esse
1176 2479 1281 2527 versus
1303 2460 1335 2523 et

217 2571 248 2634 in
264 2571 382 2634 textum
400 2568 597 2650 recipiendus.
646 2569 740 2632 tluius
758 2569 803 2632 rei
819 2570 996 2633 memineris
1012 2569 1105 2633 velim
1120 2569 1151 2632 in
1168 2566 1336 2633 tractandis

219 2676 375 2742 luvenalis
399 2676 546 2753 versibus
571 2676 625 2740 ubi
647 2675 687 2738 ad
711 2676 878 2739 sententias
902 2681 1028 2740 ventum
1052 2677 1119 2742 crit.

308 2783 426 2847 Deinde
450 2781 608 2864 Gruppius
632 2782 721 2846 dccet
745 2781 850 2862 (Aeac.
868 2803 897 2864 p.
916 2784 987 2867 ddl:
1013 2783 1163 2847 nachdem
1188 2781 1237 2845 dic
1257 2784 1337 2845 Aus-

217 2890 385 2974 scheidung
408 2889 530 2972 erfclgt‚
553 2894 677 2954 meissen
695 2888 744 2954 die
768 2909 865 2954 neuen
881 2889 1004 2954 11111111
1027 2891 1127 2955 besser
1143 2908 1337 2953 zusammen·

218 3019 336 3082 passm,
353 3017 384 3063 es
400 3016 483 3061 muss
496 2998 639 3075 besserer,
657 2999 876 3062 uuerwarteter
888 2998 1156 3079 Zusummenlrang
1171 3016 1336 3079 gervcnnen

218 3106 347 3173 werden.
387 3104 583 3173 Rectissime!
609 3124 680 3168 nam
702 3104 796 3169 deleri
813 3125 927 3181 versus,
945 3108 981 3168 ut
997 3104 1155 3168 mulierem
1171 3104 1202 3168 in
1219 3104 1338 3167 statum

220 3216 306 3279 lucus
330 3211 498 3296 redigatur,
522 3213 569 3276 uir
592 3212 700 3276 doctus
723 3231 901 3293 persuasum
930 3211 1032 3278 habet.
1079 3212 1146 3275 Nec
1169 3230 1240 3276 veru
1263 3209 1337 3275 satis

219 3323 267 3386 est
290 3320 400 3384 dixisse
429 3318 478 3396 „in
502 3319 660 3383 meliorem
685 3320 835 3394 staturu‚“
868 3317 921 3381 sed
949 3317 1124 3382 addendum
1157 3320 1204 3382 est
1231 3318 1281 3395 „ct
1304 3314 1335 3378 in

219 3449 290 3494 eum
327 3426 451 3509 quidem
491 3428 625 3502 statum,
667 3424 790 3505 qrndem
824 3424 926 3506 ipsum
965 3427 1087 3506 poetam
1125 3445 1194 3489 eum
1230 3423 1337 3488 fecisse

220 3535 385 3600 verisimile
418 3537 491 3600 eslf
548 3534 656 3614 ltaque
685 3550 806 3605 careas,
839 3552 875 3595 ne
904 3552 977 3595 usus
1001 3532 1158 3614 proverbia
1183 3532 1253 3609 illc,
1279 3550 1338 3612 quc

220 3643 333 3706 dieitur
356 3643 436 3706 bcna
459 3640 533 3722 pelli
549 3639 735 3705 melioribus.
761 3659 916 3721 expungas
933 3660 1035 3703 versus
1059 3659 1164 3721 perse
1190 3638 1338 3714 ferendus,

219 3752 255 3815 ut
290 3749 401 3813 evadat
441 3767 535 3812 novus
576 3751 606 3811 ct
641 3747 798 3810 inauditus
836 3748 1057 3811 sententiarum
1097 3746 1179 3813 erdo,
1237 3744 1337 3825 Quem

221 3876 351 3923 emerem
380 3857 416 3919 ut
446 3855 641 3937 effugiamus
673 3854 705 3917 id
737 3873 856 3935 semper
889 3854 1056 3918 videndum
1090 3854 1150 3928 est,
1182 3854 1217 3916 11
1245 3871 1338 3933 quam

221 3962 457 4046 diligentissime
486 3981 557 4026 eum
585 3961 697 4042 ipsum,
723 3980 812 4041 quem
839 3961 906 4041 quis
931 3961 1031 4024 delere
1053 3959 1084 4021 in
1110 3959 1211 4024 arrirrrc
1235 3959 1336 4035 habet,

221 4090 341 4135 versum
370 4070 574 4134 excutiamus:
610 4086 682 4131 nam
715 4068 863 4131 facillime
898 4067 948 4145 111,
983 4069 1018 4131 11
1052 4086 1112 4131 111
1144 4086 1212 4130 eum
1249 4083 1338 4129 versu

221 4177 348 4242 tollatur
371 4176 447 4240 levis
473 4177 624 4259 quaedam
648 4175 819 4239 sententiae
844 4174 989 4253 varietas,
1015 4194 1093 4255 quae
1118 4174 1143 4237 si
1168 4173 1256 4237 abest
1278 4190 1338 4235 ncn

222 4284 267 4351 ita
285 4282 486 4360 desideratur,
511 4302 588 4367 quae
604 4285 707 4348 tanren
724 4282 777 4346 ubi
793 4281 906 4367 legitur
923 4281 1056 4345 inarime
1073 4280 1216 4345 delectat.
1244 4278 1341 4344 Haud
