3052 4666
705 320 857 382 -6..

223 477 335 544 aetatis
357 480 499 561 poetam,
532 479 584 560 qui
613 478 747 543 consiliis
776 479 839 543 suis
867 479 1066 544 utilissimum
1095 483 1278 565 cognoverat
1308 482 1340 546 id

219 604 317 670 genus
345 604 485 669 poeseos
522 583 602 667 quod
631 587 788 649 oratorum
811 586 943 650 similius
971 589 1018 651 est
1047 607 1140 668 quam
1168 590 1341 669 poetarum,

221 691 364 769 satiram3
388 693 421 757 et
445 692 483 757 ad
508 691 643 757 mediam
668 692 730 757 lere
754 695 888 758 aetatem
914 693 1102 759 declamavit
1124 696 1144 760 i.
1170 715 1196 759 e.
1220 696 1342 761 studuit

221 799 281 864 arti
303 798 490 879 rhetoricae,
523 799 568 864 ita
591 801 710 864 utnon
733 799 846 865 iniuria
871 801 939 882 quis
962 801 1072 865 satiras
1096 803 1161 866 eius
1184 803 1223 866 ad
1248 822 1339 867 unam
1441 800 1446 806 ’

221 925 326 972 omnes
350 904 461 971 dixerit
484 906 738 983 declamationem
764 908 882 990 etipse
907 908 1069 973 confitetur
1084 912 1209 992 poetam
1226 930 1257 973 se
1282 930 1342 976 non

225 1033 305 1093 esse,
338 1012 392 1078 sed
415 1012 454 1077 ad
477 1031 583 1078 versus
605 1012 782 1096 pangentes
805 1013 924 1095 impelli
946 1014 1156 1099 indignatione
1181 1014 1219 1099 (l,
1246 1018 1286 1082 79
1303 1017 1341 1101 s).

311 1120 476 1186 Praeterea
491 1119 524 1184 in
539 1119 710 1184 lectitanda
732 1121 886 1202 superiore
911 1140 989 1202 quae
1007 1123 1134 1186 vocatur
1154 1124 1220 1186 arte
1237 1121 1343 1187 critica

221 1246 281 1292 non
304 1226 408 1291 minus
424 1244 518 1308 quam
541 1225 573 1290 in
588 1225 729 1291 inferiore
746 1246 807 1291 una
824 1246 895 1291 cum
910 1229 1123 1311 grammaticis
1146 1229 1343 1311 matricisque

221 1334 342 1418 legibus
359 1332 563 1398 observandus
584 1334 630 1398 est
651 1331 718 1397 eius
742 1333 843 1414 quiin
869 1334 1012 1398 manibus
1027 1338 1167 1400 versatur
1187 1336 1344 1418 scriptoris

222 1460 332 1519 sermo,
356 1439 545 1523 respicienda
561 1442 607 1505 est
619 1440 715 1504 oratio
731 1438 830 1523 magis
849 1440 988 1506 minusve
1013 1442 1154 1524 expedita
1170 1446 1201 1507 et
1210 1443 1343 1523 subtilis,

224 1547 443 1613 examinandus
467 1549 513 1612 est
536 1546 635 1625 stilus,
659 1547 764 1610 utrum
785 1546 825 1609 sit
849 1548 1008 1629 angustus,
1032 1567 1070 1611 an
1094 1549 1180 1613 fusus
1202 1551 1234 1614 et
1257 1550 1343 1629 uber,

222 1653 434 1737 perspicienda
457 1652 636 1736 disponendi
659 1652 747 1720 ratio.
796 1650 914 1731 Quibus
943 1652 980 1717 de
1008 1655 1098 1718 rebus
1127 1656 1208 1736 quod
1231 1657 1345 1722 attinet

224 1761 264 1826 ad
292 1759 477 1825 Iuvenalem
505 1761 568 1844 egit
579 1760 603 1844 ¹)
632 1759 818 1824 Ribbeclrius
845 1760 944 1842 priore
972 1764 1059 1842 parte
1088 1764 1153 1827 eius
1176 1763 1261 1842 libri,
1291 1764 1345 1846 qui

223 1867 401 1933 inscribitur
435 1867 489 1933 der
518 1868 604 1932 echte
633 1867 742 1935 udor
775 1867 905 1932 unechte
938 1868 1015 1946 luv,
1041 1869 1094 1932 ubi
1132 1871 1203 1938 satt.
1240 1871 1345 1935 l-IX

225 1977 256 2041 et
278 1974 325 2039 XI
347 1973 502 2040 Iuvenalis
526 1994 590 2040 esse
614 1974 736 2053 statuit,
761 1975 832 2039 satt.
850 1974 880 2036 X
896 1975 928 2038 et
943 1974 1126 2039 XII—XVI
1142 1976 1345 2041 declamatori

225 2081 348 2147 cuidam
371 2081 475 2147 deberi
499 2081 635 2149 coniecit.
683 2080 744 2145 Sed
768 2081 954 2146 Ribbeclius
978 2101 1013 2147 ea
1029 2083 1059 2146 in
1076 2102 1108 2147 re
1124 2102 1183 2147 non
1207 2084 1343 2149 servavit

225 2186 428 2272 aequitatem:
453 2190 561 2271 poetae
577 2188 626 2252 sui
643 2188 772 2253 virtutes
788 2208 882 2271 quam
898 2191 1001 2271 potnit
1016 2191 1149 2254 maxime
1164 2191 1343 2269 illustravit,

225 2295 441 2363 declamatoris
470 2294 556 2360 auxit
579 2295 705 2377 peccata
729 2297 760 2359 et
782 2295 867 2362 vitia.
917 2294 984 2375 Qua
1009 2296 1046 2360 de
1069 2316 1101 2359 re
1125 2296 1178 2363 cfr.
1202 2297 1228 2361 si
1242 2296 1344 2379 placet

225 2403 390 2482 Weilium,
428 2402 472 2471 N.
496 2401 648 2470 Jahrbf.
683 2400 793 2470 Philol.
824 2422 854 2470 u.
883 2403 1017 2487 Paedag.
1057 2404 1139 2467 1870
1162 2423 1193 2484 p.
1219 2405 1282 2467 222
1305 2420 1343 2466 ss.

226 2511 354 2578 Constat
388 2509 452 2574 iam
485 2508 638 2592 prioribus
676 2508 780 2573 satiris
813 2508 905 2574 insita
945 2528 1009 2574 esse
1044 2528 1166 2587 eornm,
1202 2528 1280 2591 quae
1312 2508 1345 2573 in

225 2615 444 2702 posterioribus
460 2615 646 2698 vituperavit
661 2615 710 2695 lt,
726 2615 872 2680 vitiorum
889 2617 1015 2684 semina.
1053 2616 1162 2682 Confer
1173 2614 1348 2681 Meinertnii

226 2723 386 2790 Vindicias
400 2721 625 2790 Iuvenalianas.
671 2721 737 2786 Nec
753 2724 854 2806 potest
878 2723 984 2807 negari
1001 2743 1072 2787 suas
1088 2723 1199 2788 habere
1216 2723 1347 2788 uirtutes

227 2831 322 2898 etiam
360 2829 541 2912 posteriores
578 2827 706 2907 satiraS,
745 2829 778 2892 id
813 2830 893 2911 quod
931 2849 957 2897 e.
990 2850 1035 2913 gr.
1077 2831 1114 2894 dc
1154 2829 1345 2911 metaphoris

227 2935 450 3004 demonstravit
464 2934 611 3015 Genther,
636 2937 712 3000 iiber
731 2935 789 3000 den
806 2934 968 3000 Gebrauch
985 2935 1039 3000 der
1054 2935 1216 3017 Metapher
1232 2936 1282 3001 bei
1303 2937 1324 3003 J
1328 2986 1347 3016 .,

227 3043 425 3126 Wittenberg
456 3042 549 3109 1878.
597 3041 778 3107 Rectissime
807 3044 844 3107 de
868 3043 1057 3108 aestimando
1082 3041 1228 3107 Iuvenale
1258 3045 1350 3125 poeta

226 3149 377 3217 indicauit
406 3148 534 3214 Iahnius
568 3147 668 3231 (1868
692 3149 789 3231 praef.
813 3170 843 3231 p.
870 3149 934 3233 9.);
986 3150 1117 3229 ,Poeta,
1151 3149 1205 3231 qui
1228 3154 1346 3214 certum

228 3257 366 3322 ordinem
394 3256 426 3321 et
453 3258 631 3321 accuratam
659 3255 838 3338 disponendi
866 3256 1017 3321 rationem
1047 3257 1216 3321 contemnit
1243 3258 1275 3321 et
1301 3275 1347 3334 ea,

229 3383 307 3446 quae
322 3361 447 3446 propria
463 3382 605 3428 romanae
618 3363 730 3428 satirae
747 3364 803 3442 est,
820 3363 964 3428 libertate
980 3383 1150 3427 sermonem
1162 3363 1347 3428 familiarem

227 3472 319 3555 grata
341 3469 536 3554 neglegentia
563 3469 712 3534 fundendi
741 3469 791 3534 vel
818 3469 941 3552 ingrata
970 3469 1163 3553 neglegentia
1192 3469 1348 3547 abutitur,

228 3579 296 3642 tum
330 3597 365 3642 ex
396 3576 548 3641 rhetorica
580 3575 743 3659 disciplina
774 3577 902 3659 loquax,
932 3578 984 3642 ubi
1012 3580 1220 3660 opportunum
1248 3576 1351 3643 locum

228 3686 336 3750 nactus
369 3703 434 3749 esse
466 3682 524 3749 sibi
561 3683 698 3762 videtur,
732 3684 823 3749 finem
864 3685 1079 3749 accumulandi
1118 3704 1177 3749 non
1218 3683 1351 3761 invenit;

230 3790 363 3872 denique
387 3789 441 3872 qui
464 3791 630 3855 sententies
654 3793 789 3873 captat.“

317 3898 427 3962 Restat
448 3899 485 3962 ut
508 3916 696 3975 moneamur,
721 3898 849 3963 minime
873 3899 927 3963 abs
950 3918 982 3962 ro
1006 3918 1071 3963 esse
1092 3899 1123 3963 in
1147 3894 1348 3962 describenda

229 4006 337 4089 poetae
352 4004 496 4089 imagine,
522 4023 699 4089 cognoscere
716 4005 821 4081 etiam,
846 4006 998 4086 quatenus
1018 4005 1157 4069 imbutus
1177 4004 1219 4068 sit
1238 4001 1347 4079 literis,

231 4131 307 4195 quas
330 4112 477 4194 sequatur
503 4113 588 4196 leges
615 4113 655 4176 ad
683 4131 783 4177 mores
812 4115 842 4176 et
869 4131 973 4175 rerum
997 4113 1141 4176 naturam
1164 4108 1348 4193 spectantes,

306 4289 326 4360 ¹)
346 4288 445 4345 Confer
456 4289 550 4345 Kiaeri
562 4290 659 4344 librum
672 4289 704 4345 de
718 4304 839 4344 sermone
848 4289 881 4344 D.
895 4287 968 4343 Iunii
981 4289 1125 4357 Iuvenalis,
1139 4284 1261 4343 Harmas
1271 4284 1350 4347 1875.
