3052 4666
187 1672 316 1867 Brvac
350 1795 421 1859 illac
455 1797 594 1860 veterum
630 1797 812 1880 scriptorum
840 1798 1000 1880 reliquiae,
1031 1818 1120 1881 quae,
1151 1819 1220 1865 cum
1249 1800 1304 1867 diu

186 1902 331 1967 oblivioni
348 1902 438 1968 datae
454 1902 593 1981 fuissent,
610 1905 736 1969 tandem
760 1907 899 1987 repertae
924 1908 955 1970 et
977 1906 1008 1968 in
1026 1906 1129 1971 lucem
1145 1911 1304 1973 revocatae

187 2029 307 2074 summo
331 2010 443 2092 gaudio
468 2011 505 2074 ab
530 2010 577 2089 iis,
606 2030 736 2091 quorum
759 2012 790 2075 in
814 2013 987 2077 fortunatas
1011 2033 1122 2077 manus
1146 2018 1302 2093 venerant,

186 2117 416 2200 accipiebantur
432 2116 617 2199 plurimique
640 2117 885 2189 aestimabantur
901 2120 933 2182 et
948 2120 1060 2184 omissa
1083 2121 1166 2185 omni
1186 2121 1303 2188 ratione

185 2225 294 2290 critica
332 2225 570 2309 qualescumque
601 2226 688 2288 erant
720 2223 972 2291 describebantur
1007 2228 1038 2290 et
1069 2227 1302 2307 lectitabantur,

185 2332 273 2397 hodie
297 2333 390 2397 nimis
422 2343 552 2416 magnae
581 2331 689 2396 multis
712 2331 856 2396 videntur
891 2335 923 2397 et
955 2331 1094 2418 copiosae
1119 2353 1198 2402 esse:
1231 2338 1303 2400 sunt

185 2439 239 2522 qni
255 2440 367 2504 tollant
383 2459 461 2522 quae
477 2439 641 2505 fastidiunt
656 2441 710 2504 ant
726 2459 784 2504 non
801 2439 993 2525 intelligunt,
1015 2440 1165 2524 plurimas
1181 2443 1302 2508 subesse

183 2548 436 2631 interpolationes
446 2547 598 2613 arbitrati.
614 2545 679 2626 Quo
691 2548 766 2612 artis
780 2546 904 2612 criticae
915 2547 1050 2613 subsidio
1063 2548 1095 2612 in
1103 2549 1302 2633 expungendo

183 2656 292 2737 posito,
310 2655 390 2738 quod
407 2655 573 2738 prudenter
589 2656 620 2720 et
635 2655 754 2720 modice
770 2653 946 2719 adhibitum
963 2675 1023 2720 non
1037 2658 1083 2721 est
1095 2657 1302 2739 spernendum

183 2780 334 2844 suumque
350 2763 444 2828 habet
459 2764 491 2826 in
507 2761 706 2827 restituendis
722 2763 861 2826 veterum
879 2761 1002 2845 scriptis
1014 2763 1160 2844 pretium,
1181 2763 1250 2829 inde
1264 2764 1302 2828 ab

183 2866 271 2932 initio
286 2856 376 2932 huius
392 2870 506 2933 saeculi
522 2871 566 2934 ita
583 2889 723 2952 perverse
739 2869 786 2932 uti
803 2870 969 2950 coeperunt
985 2870 1094 2949 critici,
1112 2872 1147 2935 ut
1163 2870 1302 2935 laborare
1356 2886 1366 2903 ··

185 2991 234 3037 eos
257 2976 362 3038 morbo
386 2977 519 3057 quodam
543 2978 693 3041 saeculari
716 2980 798 3042 recte
821 2978 889 3059 quis
906 2976 1030 3046 dixerit.
1055 2978 1096 3041 Et
1112 2980 1300 3060 quantopere

184 3080 267 3163 capti
290 3081 405 3145 fuerint
439 3082 561 3147 delendi
584 3083 699 3161 furore,
736 3085 810 3149 satis
835 3080 1113 3168 superque'clucet
1143 3104 1179 3149 ex
1211 3085 1302 3148 unius

182 3190 290 3270 poetae
324 3189 476 3271 exemplo,
509 3190 647 3254 Horatii!
693 3191 736 3255 At
769 3192 867 3256 multo
904 3192 999 3256 etiam
1032 3192 1173 3276 graviora
1208 3210 1301 3273 quarn

98 3288 100 3290 ’
183 3296 330 3362 Horatius
352 3315 461 3380 passus
485 3298 531 3362 est
566 3296 671 3380 quiin
696 3298 791 3362 satira
827 3319 898 3364 eum
922 3300 1109 3381 sequebatur
1132 3298 1300 3363 luvenalis.

181 3404 263 3469 Nam
298 3404 369 3470 inde
402 3406 439 3470 ab
464 3403 584 3490 Guyeto
609 3403 723 3491 (1600)
755 3426 851 3488 nsque
884 3406 923 3471 ad
947 3407 1153 3471 Ribbeckium
1188 3404 1302 3488 (1865)

180 3529 239 3576 non
249 3513 340 3594 pauci
351 3532 479 3578 acumen
490 3533 581 3578 suum
593 3515 623 3578 et
636 3515 840 3579 subtilitatem
852 3515 883 3578 in
897 3514 1000 3578 satiris
1017 3514 1084 3578 eius
1100 3511 1300 3578 exercendam

181 3637 245 3681 esse
269 3623 300 3684 et
315 3621 531 3702 praestandam
556 3622 709 3704 putabant
726 3620 863 3686 delendis
888 3621 1035 3697 uersibus,
1060 3618 1215 3684 eliciendis
1238 3619 1301 3683 sin-

180 3725 322 3806 gulorum
347 3729 517 3792 carminum
533 3729 672 3811 partibus
696 3727 835 3810 integris,
861 3726 1076 3791 abiudicandis
1091 3727 1166 3792 totis
1181 3726 1294 3795 satiris

269 3831 495 3914 Peropportune
527 3835 624 3917 igitur
658 3836 781 3913 accidit,
817 3836 853 3899 ut
889 3835 928 3898 ad
959 3833 1127 3898 sanitatem
1154 3833 1293 3899 nonnulli

179 3937 277 4003 critici
314 3938 413 4003 redire
448 3941 599 4023 incipiant
637 3944 832 4024 audeantqne
867 3942 1021 4007 reminisci
1062 3940 1177 4006 summi
1217 3940 1301 4005 illius

178 4045 255 4110 artis
282 4045 405 4110 criticae
433 4047 534 4125 officii,
569 4049 650 4130 quod
686 4049 821 4131 positum
857 4051 904 4114 est
937 4068 994 4113 non
1029 4049 1062 4113 in
1099 4047 1297 4117 destruendo,

178 4156 289 4221 sedin
317 4156 521 4222 conservando
550 4175 585 4220 ac
615 4156 815 4222 restituendo.
862 4153 947 4221 Nam
974 4157 1050 4220 licet
1078 4175 1201 4239 sperare
1225 4156 1298 4230 fore,

178 4268 214 4328 nt
247 4267 286 4330 ab
319 4266 368 4344 iis,
402 4263 456 4347 qui
488 4266 588 4330 artem
627 4263 768 4328 criticam
799 4264 972 4343 sequnntur
1008 4263 1136 4328 rationis
1174 4261 1299 4340 sanique
