3052 4666
718 326 889 392 ..27-

243 486 355 552 torum.
414 489 538 560 Nonne¹
562 511 675 574 magna
718 494 800 576 loqui
839 491 938 555 solent
977 486 1126 552 eiusmodi
1161 486 1298 550 homines
1331 487 1362 550 et

245 612 373 675 magnas
406 595 464 659 sibi
498 598 600 662 venire
635 600 791 664 mercedes
823 598 939 674 dicere,
974 599 1010 660 ut
1042 595 1136 659 fidem
1163 593 1220 657 sibi
1253 597 1363 675 parent

243 702 425 782 serventque
449 704 480 767 et
502 704 641 771 alliciant
664 708 811 786 homiues,
836 707 887 788 qui
911 723 1003 786 opera
1027 720 1081 766 sua
1104 703 1254 766 utantur?
1279 701 1361 763 Num

244 827 294 871 ecs
328 810 452 873 tantum
487 811 651 877 creditores
691 813 797 879 l'allere
839 813 979 888 student,
1020 810 1072 892 qui
1112 809 1174 871 iarn
1215 805 1362 888 suspicari

244 915 418 996 coeperint?
464 917 572 982 Nonne
596 919 626 982 id
651 940 743 1003 agere
768 922 933 1004 coguntur,
959 919 993 982 ut
1016 916 1153 981 ounrimu
1177 913 1362 978 creditorum

244 1022 487 1088 benevolentiam
520 1027 576 1090 sibi
609 1027 773 1092 concilient
801 1027 953 1107 fidemque
984 1025 1145 1103 tueantur,
1179 1038 1308 1102 quorum
1332 1019 1363 1082 iu

243 1129 428 1194 credulitate
458 1151 578 1197 omnem
602 1153 687 1215 spem
711 1136 882 1215 reponunt?
928 1133 1022 1196 Patet
1045 1131 1135 1212 plane
1159 1127 1363 1192 necessarium

245 1255 309 1299 esse
333 1237 516 1301 vocabulum
540 1241 716 1320 praecipue,
743 1259 779 1303 ue
804 1241 833 1303 in
858 1240 997 1320 ineptum
1029 1238 1141 1302 abeant
1171 1235 1263 1298 verba
1286 1251 1364 1314 (puae

246 1345 317 1407 sunt
337 1343 503 1421 ,sedtum
528 1366 597 1410 cum
615 1347 746 1414 creditor·
760 1346 879 1414 arrdit“.
927 1346 995 1410 Una
1011 1346 1116 1408 aldem
1134 1362 1203 1406 cum
1220 1339 1365 1407 vocabulo

246 1450 410 1532 praecipuo
434 1454 573 1518 servetur
597 1473 719 1520 necesso
744 1455 790 1518 ost
813 1472 918 1517 versus
946 1453 1016 1516 lud.

61 1752 144 1834 Vll,
171 1757 243 1822 192.
336 1772 534 1839 Eiusdem
561 1775 719 1842 satirae
746 1789 916 1842 uersum
946 1776 1006 1838 192
1045 1775 1227 1854 appositam
1248 1774 1367 1853 nigrae

246 1883 358 1944 borram
382 1883 527 1945 subtexit
549 1885 670 1958 altatae,
695 1902 784 1963 quem
810 1904 846 1947 ne
873 1876 1057 1954 llibbeclrius
1084 1879 1209 1960 quidem
1239 1879 1366 1960 tangere

248 2005 341 2049 ausus
364 1991 425 2064 est,
454 1986 620 2051 delendum
648 2009 713 2052 esse
742 1990 859 2052 censuit
891 2008 967 2051 uuus
996 1987 1131 2052 lalruius.
1180 1986 1220 2048 llt
1247 1985 1294 2048 est
1316 1983 1367 2046 bic

250 2110 354 2154 versus
383 2091 414 2154 iu
451 2111 571 2170 eorum,
608 2113 683 2174 quos
718 2095 810 2158 antea
843 2094 989 2176 genuinos
1023 2092 1226 2168 existimavit,
1262 2091 1367 2172 postea

250 2198 382 2277 delevit,
419 2218 554 2265 munero.
613 2201 697 2263 Duas
735 2202 814 2265 onim
853 2202 1015 2265 satirarum
1058 2198 1208 2263 editiones
1247 2197 1369 2278 pararit

252 2305 385 2382 lebuine,
409 2305 538 2370 alteram
567 2307 711 2370 maiorem
736 2326 763 2375 a.
791 2308 886 2384 1851,
912 2308 1041 2371 alteram
1061 2305 1207 2370 minorem
1225 2324 1252 2369 a.
1274 2305 1368 2379 1868,

250 2412 329 2476 inter
354 2433 440 2494 qrras
466 2413 546 2496 quod
571 2415 685 2480 attinet
709 2415 747 2478 ad
771 2414 1038 2495 interpolationes,
1070 2431 1218 2495 magnum
1251 2410 1369 2474 videbis

251 2519 412 2585 discrimen
449 2521 645 2589 intercedere.
704 2523 787 2586 Nam
827 2524 996 2604 antequam
1035 2521 1164 2585 alteram
1193 2518 1369 2584 editionem

251 2626 374 2691 labnlus
398 2628 477 2693 foras
494 2629 590 2707 dedit,
615 2629 727 2693 librum
744 2630 832 2692 illum
850 2630 928 2712 legit
943 2629 1116 2704 llibbeckii‚
1133 2628 1221 2690 errius
1237 2625 1370 2708 ar·grrtiis

250 2734 295 2797 ita
319 2737 426 2814 captus
448 2737 504 2812 est,
530 2739 564 2800 ut
587 2756 677 2818 saepe
694 2757 764 2800 erun
781 2737 868 2817 sequi
884 2736 1019 2799 anirumn
1039 2735 1206 2800 induceret.
1248 2733 1316 2810 Qua
1333 2732 1370 2796 de

252 2859 283 2902 re
308 2840 388 2922 ipse:
420 2841 558 2916 „factum
588 2844 648 2919 est,
680 2843 796 2923 inquit,
825 2850 861 2905 ut
887 2842 950 2904 iam
979 2841 1083 2923 paullo
1114 2839 1247 2903 severius
1277 2856 1369 2918 quam

253 2948 343 3010 autea
366 2966 470 3010 versus
494 2947 642 3012 insiticios
666 2947 981 3023 circumscriber·em“‚
1006 2949 1037 3010 11
1058 2965 1115 3025 „ea
1131 2947 1250 3010 tantum
1268 2943 1372 3024 spuria

251 3052 400 3129 iudicavi,
432 3072 509 3134 qliae
532 3072 550 3116 a
573 3055 679 3134 pocta,
709 3053 797 3117 niodo
829 3054 909 3117 recte
937 3052 1133 3135 cogitaverit,
1162 3050 1246 3115 nullo
1282 3049 1372 3113 modo

252 3161 343 3224 scribi
352 3178 439 3242 posse
448 3159 588 3241 putavi“.
607 3157 743 3237 erarmn
758 3160 980 3223 sententiarum
991 3160 1065 3223 haec
1075 3158 1173 3236 docet,
1187 3159 1372 3239 quantopere

252 3267 416 3350 paullatim
440 3267 471 3330 in
495 3265 651 3347 captiones
674 3286 705 3331 se
729 3265 884 3331 induxerit
900 3267 945 3329 vir·
962 3265 1172 3341 doctissimum
1197 3264 1252 3328 illa
1276 3282 1371 3345 quam

254 3395 324 3439 vera
348 3374 397 3452 sit,
423 3374 481 3439 uisi
504 3374 582 3438 forte
604 3373 729 3458 gravius
753 3373 867 3454 premis
895 3373 1036 3438 voculam
1060 3371 1179 3455 paullo,
1210 3369 1372 3453 apparebit

253 3481 446 3562 comparanti
462 3480 519 3546 tibi
537 3500 651 3557 eorum,
669 3500 743 3562 quos
762 3480 842 3546 1851
857 3480 1003 3545 delendos
1015 3478 1213 3556 existimavit,
1231 3496 1373 3542 rersrmm

255 3605 418 3650 numerum
443 3608 513 3652 cunr
530 3589 578 3666 iis,
604 3608 677 3670 quos
695 3587 810 3652 delerit
834 3589 926 3654 1868.
974 3587 1007 3651 ln
1025 3587 1123 3668 priore
1141 3584 1223 3649 enim
1240 3584 1374 3648 editione

254 3693 343 3757 eiecit
376 3714 481 3760 versus
503 3695 726 3778 undeviginti,
761 3695 793 3758 in
828 3694 995 3776 posteriore
1028 3711 1132 3757 versus
1166 3691 1373 3775 septuaginta.

255 3799 462 3884 Quinquagies
485 3802 581 3885 igitur
603 3802 634 3865 in
658 3801 758 3883 priore
783 3801 914 3865 editione
938 3800 1019 3883 fugit
1040 3799 1194 3875 lalmium,
1219 3819 1277 3863 non
1293 3800 1374 3863 rec-te

255 3910 378 3991 poetam
402 3908 562 3991 cogitasse.

344 4016 410 4080 Nee
440 4015 562 4079 videtur
597 4014 731 4079 dubitari
766 4034 864 4096 posse,
889 4015 962 4096 quin
999 4014 1107 4079 eiicere
1137 4013 1218 4076 hunc
1249 4030 1375 4076 versum

255 4124 393 4189 animum
421 4123 577 4188 induxerit
606 4122 749 4203 opinatus
778 4122 898 4187 turbari
931 4142 965 4186 eo
994 4120 1229 4186 concinnitatem
1259 4137 1375 4194 earum,

254 4251 332 4316 quae
356 4252 374 4296 a
398 4250 469 4298 voce
498 4229 596 4301 felicis
624 4228 747 4293 initium
777 4229 919 4320 capiunt,
948 4229 1093 4313 partium.
1145 4228 1211 4292 Nee
1241 4245 1312 4291 vero
1341 4244 1377 4294 ea
