3052 4666
674 336 847 398 „21-

201 494 283 575 apud
312 493 572 574 praeclarissimos
605 493 813 558 Romanorum
847 494 967 574 poetas,
1001 493 1072 574 quin
1107 493 1200 557 etiam
1238 492 1320 574 apud

201 601 360 666 Caesarem
376 601 408 664 et
420 599 604 664 Ciceronem.
622 598 730 664 Confer
748 600 820 669 Hor.
839 619 863 667 o.
883 601 936 677 IV,
956 601 1007 679 14,
1029 602 1058 667 6.
1076 599 1138 665 cic.
1161 599 1246 663 Lael.
1264 598 1321 676 ΙΙΙ,

203 711 234 784 d,
260 711 288 775 u.
313 707 398 771 Caes.
429 708 456 771 b.
487 705 523 770 G.
549 708 573 785 Ι,
604 709 656 784 39,
682 708 711 773 d.
737 707 850 772 Locum
872 707 944 771 huic
966 707 1003 770 de
1025 725 1084 787 quo
1113 724 1192 769 nuuc
1220 705 1322 787 agitur

203 835 291 878 versu
301 814 493 878 simillimum
510 815 636 896 praebet
652 814 717 882 Liv.
735 816 788 891 42,
806 816 859 891 40,
880 818 893 878 Ι
911 811 1094 903 (exspectari
1110 831 1164 877 uos
1180 812 1322 887 arbitror,

205 922 238 984 ut
261 921 498 1002 respondeamus
522 921 621 985 literis
645 919 731 1004 tuis).

291 1025 351 1090 Sed
374 1026 485 1090 dixerit
508 1027 636 1091 fortasse
669 1027 833 1109 quispiam,
867 1027 923 1092 hoo
948 1028 1072 1109 quidem
1106 1027 1171 1090 loco
1194 1025 1322 1089 minime

201 1135 309 1216 aptum
335 1136 479 1197 essehoc
503 1133 623 1197 dicendi
654 1152 764 1216 genus,
789 1153 860 1197 oum
884 1134 997 1198 evadat
1025 1133 1177 1198 sententia
1205 1132 1320 1214 inepta,

202 1243 233 1305 et
267 1240 466 1322 quaesiverit,
501 1240 650 1319 quomodo
683 1239 751 1320 quis
785 1259 876 1303 sanus
907 1239 1003 1321 possit
1037 1238 1148 1316 dicere,
1175 1238 1322 1302 lacrimas

202 1347 377 1428 exspectare
401 1364 479 1423 eam,
505 1365 583 1426 qnae
606 1345 673 1427 ipsa
697 1346 852 1412 lacrimat!
882 1347 924 1410 At
956 1345 1030 1409 reiis
1052 1345 1196 1425 reputare
1220 1345 1320 1407 trans·

202 1452 317 1517 latione
340 1453 370 1518 h.
396 1452 417 1515 Ι.
443 1452 489 1515 uti
506 1455 639 1533 poetam,
665 1455 697 1517 et
719 1455 877 1535 praeterea
892 1453 980 1516 illam
995 1452 1015 1517 i.
1033 1471 1061 1518 e.
1077 1451 1177 1532 ipsam
1194 1469 1321 1515 uxorem

203 1557 274 1640 poni
306 1578 360 1639 pro
396 1577 447 1635 eo,
481 1558 561 1640 quod
594 1559 735 1640 imperat.
781 1557 939 1640 Sequitur,
975 1557 1065 1641 plane
1097 1556 1223 1621 inutiles
1257 1575 1322 1620 esse

203 1663 392 1729 coniecturas
416 1684 434 1728 a
458 1665 581 1729 Valesio
607 1665 702 1749 (illas)
728 1667 759 1729 et
782 1665 941 1729 Huschkio
966 1663 1057 1749 (illa)
1082 1665 1264 1746 propositas.

291 1772 461 1837 Probamus
477 1792 555 1854 quae
572 1771 650 1835 dixit
664 1771 849 1836 Heineckius
866 1771 971 1851 (anim.
985 1791 1016 1853 p.
1034 1772 1089 1854 29)
1107 1771 1151 1835 ita
1167 1771 1321 1834 iudicans:

208 1898 371 1962 ,ruagnam
404 1879 501 1943 inesse
535 1879 597 1942 vim
629 1880 660 1943 et
689 1879 873 1963 elegantiam
902 1879 933 1941 in
963 1880 1061 1943 verbis
1101 1879 1153 1956 ,ln
1188 1877 1321 1953 statione

203 1994 275 2048 suu“
304 2004 454 2067 supraque
477 1985 634 2069 ingenium
659 2005 723 2049 esse
746 1985 943 2050 librariorum
967 1987 998 2049 et
1020 1985 1132 2049 talium
1164 1984 1344 2049 versifica·

204 2093 317 2166 torum,
343 2091 395 2170 qui
417 2110 488 2154 suos
510 2091 611 2154 foetus
634 2091 788 2155 nobilibus
804 2092 904 2172 poetis
926 2091 1101 2172 saepissime
1118 2093 1321 2169 subiecerunt,

204 2199 334 2280 quisque
366 2196 471 2279 opinor
507 2197 584 2259 mihi
622 2197 782 2274 concedet,
830 2198 882 2278 qui
922 2197 971 2260 vel
1003 2197 1164 2261 tantillum
1201 2197 1323 2280 pulchri

203 2325 325 2370 sensum
343 2304 437 2368 habet
450 2353 457 2367 .
469 2353 494 2370 ..
513 2304 677 2367 Enimvero
693 2303 808 2367 usitata
825 2305 856 2368 et
871 2304 987 2386 optimo
1004 2304 1113 2386 cuique
1128 2305 1324 2386 frequentata

203 2415 249 2477 ost
277 2411 421 2494 loquendi
450 2403 550 2488 ratio,
577 2429 637 2492 qua
665 2409 874 2489 accusativus,
904 2411 958 2493 qui
986 2431 1004 2475 a
1033 2413 1124 2476 verbo
1147 2431 1323 2496 praegresso

203 2519 328 2601 pendet,
352 2519 483 2584 infertur
506 2519 560 2584 ubi
584 2519 775 2600 exspectares
799 2518 1051 2586 nominativum.“

61 2826 86 2905 Ι,
113 2831 204 2896 3358.
298 2841 497 2906 Eiusdem
515 2841 673 2908 satirae
691 2853 839 2905 nereus
857 2842 945 2903 335s.
962 2842 1068 2921 Atque
1088 2843 1214 2903 uternam
1238 2842 1324 2903 ritus

204 2959 331 3011 veteres
348 2959 379 3010 et
391 2949 522 3029 publica
544 2950 661 3010 saltem
679 2948 743 3010 His
759 2948 883 3008 irztacta
900 2947 998 3008 malis
1014 2957 1194 3027 agerentur
1208 2967 1324 3010 sacro:

205 3054 266 3116 sed
287 3075 396 3116 enarres
420 3052 524 3116 delent
551 3051 762 3127 Hammonius,
792 3050 991 3128 tritbemius,
1018 3050 1157 3129 Iahnius,
1192 3071 1323 3133 quorum

205 3161 324 3243 primus
349 3159 425 3224 dicit
441 3178 544 3222 versus
565 3157 671 3236 „einen
688 3158 837 3223 frommen
859 3158 1006 3231 Wunsoh,
1032 3159 1090 3222 den
1106 3158 1155 3222 die
1172 3158 1324 3240 bisherige
1390 3152 1392 3156 ’

207 3268 436 3349 Beschreibung
451 3265 569 3330 freilioh
586 3266 726 3342 erweokt
748 3264 802 3328 der
818 3265 891 3329 aber
907 3284 945 3328 an
963 3265 1061 3329 dieser
1077 3264 1174 3329 Stelle
1189 3265 1324 3329 hemlioh

206 3377 286 3438 matt
309 3375 377 3452 ist,“
407 3393 485 3456 quae
509 3373 601 3437 verba
623 3390 793 3454 repugnare
821 3372 901 3435 iuter
928 3371 1009 3435 sein
1038 3373 1143 3452 aperto
1164 3373 1218 3438 est.
1258 3372 1325 3435 Nee

208 3481 306 3544 ruains
334 3480 521 3545 Ribbeolrius
550 3479 581 3543 in
617 3477 754 3542 medium
785 3477 926 3559 protulit.
984 3476 1043 3542 Sed
1077 3477 1214 3558 quisquis
1246 3477 1325 3541 liber

156 3570 162 3580 ’
207 3590 253 3651 cst
277 3587 416 3668 opinione
433 3586 644 3669 praeiudicata
661 3604 829 3666 verumque
847 3584 978 3665 quaerit,
1003 3583 1029 3646 is
1045 3583 1208 3666 diligenter
1224 3583 1322 3647 locum

185 3693 432 3773 contemplatus
466 3694 556 3758 facile
590 3692 734 3758 concedet
766 3691 886 3756 omuino
921 3711 979 3755 non
1015 3709 1101 3772 posse
1132 3690 1235 3754 omitti
1269 3691 1325 3755 hos

207 3816 322 3864 versus
380 3798 460 3862 Nam
500 3800 635 3881 primum
669 3799 695 3862 si
729 3798 878 3863 deleveris
911 3817 1032 3874 versus,
1073 3796 1204 3878 excipiet
1237 3796 1325 3860 aselli

207 3904 408 3981 mentionem,
433 3925 494 3986 qua
517 3905 623 3970 finitur
646 3904 806 3969 teterrima
830 3905 885 3968 illa
907 3904 1155 3969 antecedentium
1180 3924 1323 3969 versuum

206 4013 319 4093 imago,
345 4013 478 4076 narratio
503 4011 716 4076 historicorum
744 4011 775 4074 in
800 4011 924 4075 modum
955 4011 1137 4091 composita,
1166 4011 1324 4092 adquam

205 4119 330 4185 transiri
358 4120 395 4182 ab
424 4119 480 4182 illa
511 4119 559 4180 vin
588 4120 688 4199 potest
715 4117 774 4181 nisi
804 4116 987 4181 intermissis
1015 4117 1199 4198 quibusdam
1224 4117 1325 4181 verbis

205 4226 372 4297 transitum
405 4223 655 4317 significantibus
705 4222 804 4303 Quam
834 4223 1055 4311 negligentiam
1084 4224 1158 4288 licet
1178 4223 1324 4288 concedas
