3052 4666
669 352 840 414 ..12-

196 509 313 572 artibus
323 509 486 585 abstinere,
498 511 533 573 nt
544 509 620 574 fiant
630 530 813 594 magnarum
825 511 969 574 dornnnm
982 511 1098 573 uiscera
1114 513 1180 592 (72.
1201 512 1242 575 86
1258 524 1313 594 ss).

199 616 283 678 Hanc
309 615 492 679 sententium
518 619 621 679 autern
646 617 732 680 etad
751 617 846 681 totius
871 618 983 681 satirae
1000 617 1085 681 etad
1102 616 1193 680 buius
1216 616 1315 698 partis

196 724 412 804 argumentum
437 725 626 804 spect-antem
652 724 750 789 inesse
774 725 867 788 etiarn
894 725 1031 788 uersibus
1058 724 1231 787 res-112
1255 743 1313 788 non

195 829 297 908 potest
320 828 452 910 intelligi
476 828 534 892 nisi
558 850 574 893 e
598 850 686 894 versu
715 833 786 898 113.
835 829 930 908 erenr
957 851 1077 894 uersum
1095 830 1119 893 si
1141 832 1232 910 poeta
1254 849 1313 893 non

196 934 377 1015 scripsisset,
395 934 470 998 nihil
488 936 624 1000 versibus
643 935 704 1001 109
715 940 816 1002 —ll2
833 938 1021 1018 exposuisset
1038 938 1097 1001 nisi
1113 937 1313 1001 vitiositatem

196 1039 424 1108 Graeculorum.
472 1043 515 1105 At
533 1042 605 1124 quid
630 1044 668 1106 ad
690 1064 753 1108 rem
771 1045 799 1110 b.
819 1045 839 1110 l.
858 1044 922 1107 solo
945 1044 1087 1108 uitiorum
1105 1045 1314 1108 enumeratio?

197 1147 342 1226 Queritur
365 1148 541 1213 Umbricius
558 1170 589 1214 se
606 1171 769 1232 omnesque
794 1152 874 1215 uiros
898 1152 1006 1233 probos
1030 1150 1102 1232 pelli
1119 1170 1137 1213 a
1154 1147 1313 1214 Graeculis

196 1255 329 1319 efavore
346 1258 554 1338 patronorum,
572 1259 603 1321 et
615 1257 720 1321 studet
735 1258 900 1334 declarare,
919 1256 1067 1339 quomodo
1084 1256 1150 1320 lieri
1166 1257 1312 1337 potnerit,

196 1364 231 1426 ut
253 1362 305 1425 isti
322 1362 460 1427 bornincs
482 1384 516 1427 eo
546 1365 684 1431 uenirent
711 1366 876 1446 potentine.
924 1366 988 1442 Quo
1017 1363 1141 1427 consilio
1170 1363 1315 1427 describit

196 1471 278 1532 artes
302 1489 404 1534 eorum
423 1472 454 1535 ct
470 1470 652 1552 depravatos
677 1491 786 1547 mores,
811 1472 920 1552 qrrilrus
937 1471 1106 1553 superiores
1121 1470 1198 1534 fiant
1212 1471 1314 1552 probis

198 1576 272 1639 viris
296 1579 327 1641 ot
356 1578 491 1642 bonestis
515 1597 636 1641 neccsse
661 1579 711 1645 sit.
759 1579 829 1643 Sine
853 1579 945 1643 dnbio
961 1579 1056 1659 igitur
1077 1578 1313 1661 significandum

197 1684 276 1756 crat,
306 1703 411 1747 versus
443 1684 513 1748 illos
551 1687 737 1755 109-112,
771 1705 845 1767 cpues
878 1686 957 1749 solos
992 1685 1135 1749 inutilem
1171 1685 1313 1749 uitiorum

197 1790 454 1854 enumerationem
480 1791 632 1854 continere
655 1791 744 1854 facile
772 1792 970 1872 perspicitur,
999 1793 1157 1857 cohaerere
1180 1790 1310 1873 quodam

197 1894 318 1959 uinculo
348 1917 415 1960 cnm
449 1903 630 1979 argnnrento
659 1898 772 1962 satirae
800 1919 930 1980 cumque
959 1900 1015 1962 buc
1043 1899 1188 1964 carminis
1215 1900 1310 1981 parte.

196 2002 233 2066 Id
257 2003 336 2084 quod
360 2005 426 2068 lieri
449 2004 583 2069 diximus
606 2025 693 2069 uersu
722 2008 792 2073 113.

285 2110 351 2175 Nec
374 2112 507 2196 neglexit
531 2114 620 2194 poeta
644 2112 752 2176 ceteris
776 2113 849 2176 locis
866 2113 1020 2176 rinculnrn
1046 2111 1123 2175 illud
1143 2111 1311 2179 ostendere.

197 2219 277 2282 Nam
290 2239 382 2300 cpurm
397 2220 535 2283 versibus
549 2220 701 2285 58-125
715 2239 773 2283 non
785 2220 816 2282 id
831 2221 913 2301 agat,
930 2221 964 2282 ut
980 2219 1133 2285 describat
1142 2217 1313 2299 pericnlum

197 2326 315 2390 civitati
343 2327 498 2390 Romanae
526 2326 618 2389 malis
646 2326 781 2390 moribus
816 2324 1033 2389 Graeculorum
1067 2326 1099 2389 et
1126 2325 1312 2391 intolerabili

197 2432 325 2496 audacia
348 2435 503 2513 paratum,
529 2432 579 2495 sed
606 2433 778 2512 patefacere
803 2432 888 2508 uelit,
914 2433 1024 2513 qrribns
1049 2432 1094 2495 nti
1110 2433 1243 2497 arrideant
1265 2432 1311 2495 illi

196 2539 324 2615 artibus,
349 2541 383 2602 ut
399 2539 525 2603 clientes
549 2538 708 2618 indigenas
728 2538 856 2619 pellant,
880 2539 939 2619 ipsi
963 2538 995 2601 in
1020 2540 1155 2603 furorem
1179 2538 1310 2603 divitum

196 2644 334 2712 veniant:
358 2665 603 2726 unamquamcpre
627 2664 744 2708 morum
764 2646 794 2708 et
810 2644 922 2709 artium
948 2645 1182 2726 descriptionem
1205 2645 1314 2728 dirigit

197 2751 237 2814 ad
261 2752 317 2817 lroc
341 2752 434 2816 totius
457 2752 570 2816 satirae
595 2754 689 2834 caput
718 2753 851 2829 „Rornae
875 2772 997 2816 rnanere
1028 2773 1082 2817 nec
1110 2771 1234 2834 possum
1258 2771 1313 2817 nec

198 2858 284 2923 uolo“
317 2862 348 2924 et
375 2859 414 2923 ad
438 2860 528 2924 buius
556 2860 654 2942 partis
683 2862 897 2942 argumentum
937 2878 1026 2937 „nam
1061 2858 1187 2924 Graecis
1225 2880 1314 2943 pares

198 2986 258 3030 non
282 2985 388 3030 sumus
412 2968 443 3031 et
468 2968 506 3031 ab
531 2967 570 3029 iis
594 2967 706 3048 ubique
730 2967 906 3048 pellimnr“.
937 2967 1046 3031 Confer
1069 2967 1147 3031 bane
1171 2987 1313 3032 versuum

198 3073 350 3137 58-125
375 3074 619 3156 dispositionem:

288 3182 418 3245 58—72
451 3181 522 3244 ferri
551 3201 608 3245 nen
638 3183 740 3263 potest
768 3180 885 3246 Graeca
913 3182 999 3255 urbs3
1023 3179 1159 3261 undique
1182 3182 1313 3245 Romam

196 3288 348 3352 fluxerunt
365 3286 508 3350 Graeculi
524 3288 641 3351 uiscera
656 3308 840 3369 magnarum
853 3289 1000 3352 domnum
1017 3288 1191 3367 dominique
1207 3285 1311 3349 futuri.

241 3395 274 3477 a)
300 3394 429 3458 73-50
457 3414 548 3476 quam
578 3394 615 3458 ad
644 3414 768 3476 opernm
800 3395 916 3477 optime
952 3396 1024 3458 sunt
1050 3391 1207 3460 instructi:
1236 3390 1314 3455 nibil

197 3521 254 3566 non
277 3503 414 3583 possunt.

286 3610 342 3692 aa)
380 3609 520 3675 arr-85.
557 3608 666 3671 borum
696 3628 751 3692 ego
783 3629 841 3673 non
877 3609 995 3692 fugiam
1029 3606 1224 3685 societatem,
1262 3608 1315 3689 qui

197 3715 273 3778 milri
296 3715 511 3797 praeferuntur
534 3714 727 3795 ubieunque?

241 3821 272 3906 b)
298 3823 437 3889 86-91.
463 3820 609 3884 adulandi
632 3821 810 3903 peritissimi
834 3824 914 3887 sunt.

286 3929 337 4010 bb)
362 3930 439 3996 aas.
469 3928 544 3992 baec
576 3928 684 3992 eadem
715 3928 789 3991 licet
812 3930 843 3991 et
876 3927 961 3991 nobis
988 3927 1130 4003 laudare,
1164 3924 1218 3989 sed
1252 3924 1315 3987 illis

197 4034 340 4101 creditur.

241 4139 270 4220 c)
296 4141 460 4208 ais—103,
484 4140 706 4204 inconstantiae
731 4140 861 4203 diuitum
880 4141 911 4203 et
927 4139 1133 4203 mutabilitati
1155 4135 1314 4217 indulgere

197 4245 307 4325 sciunt,
323 4246 385 4310 iam
402 4247 483 4310 hune
499 4246 594 4310 animi
612 4248 741 4325 motum,
762 4247 822 4313 iam
841 4247 930 4311 illum
948 4244 1109 4313 artificiose
1124 4241 1315 4313 simulantes,
