3052 4666
754 413 904 474 -9-

271 593 338 636 raro
362 573 466 636 antem
492 571 590 634 critici
618 571 743 654 adducti
767 572 806 634 ad
836 571 999 633 delendum
1029 571 1127 651 specie
1156 572 1385 652 probabilitatis

271 679 373 760 ipsum
398 682 518 742 versum
543 680 718 759 suspectum
744 680 886 740 accurate
910 677 1082 739 enarnioaro
1107 677 1314 759 neglexerunt.

359 784 408 847 Ad
432 786 601 848 extremum
625 784 756 865 denique
780 783 965 848 monendum
990 785 1049 863 est,
1076 786 1111 847 ut
1136 785 1264 866 quisque
1288 786 1386 867 pluri·

272 911 336 955 mos
361 910 463 954 versus
492 892 529 954 ab
553 891 699 954 iuvenale
723 890 941 954 abiudicandos
965 909 1029 953 esso
1054 891 1218 968 censuerit,
1249 891 1294 955 itu
1318 912 1388 956 eum

271 998 423 1062 levissime
459 998 497 1061 ad
538 1003 661 1061 caussas
700 980 971 1078 interpolationnm
1012 997 1215 1078 anquirendas
1248 999 1387 1062 animum

271 1104 435 1185 appulisse.
488 1106 600 1169 Contra
630 1105 800 1168 rectissimo
833 1103 922 1167 docet
952 1105 985 1170 L.
1020 1104 1170 1168 lliillerns
1198 1104 1219 1168 l.
1249 1105 1287 1168 l.:
1318 1125 1389 1168 man

272 1230 356 1273 mnss
393 1210 521 1286 liberali,
555 1231 600 1274 no
624 1210 844 1291 interpolation
879 1231 914 1272 au
949 1213 1106 1274 rernmten
1144 1212 1237 1287 steht,
1270 1212 1389 1294 fragen:

272 1317 385 1378 honnte
410 1316 458 1378 ein
482 1317 609 1380 blensch
634 1316 873 1398 Veranlassnng
889 1317 997 1392 haben,
1035 1337 1073 1379 an
1098 1317 1152 1380 der
1177 1317 1390 1400 vorliegenden

274 1421 369 1485 Stelle
394 1424 487 1485 etwas
512 1423 762 1490 einnusehieben‘i
793 1422 863 1487 Und
887 1423 964 1486 ohne
988 1423 1053 1486 dies
1078 1424 1221 1504 probabel
1245 1424 1389 1511 gemacht

275 1549 311 1591 un
334 1530 445 1607 haben,
486 1529 561 1592 wind
585 1530 633 1593 die
657 1530 868 1612 guistreiehste
892 1530 1039 1594 Athetese
1067 1531 1145 1594 riooh
1168 1531 1280 1595 immor
1304 1531 1388 1594 nicht

273 1637 413 1701 omnibns
444 1637 578 1700 numeris
614 1637 749 1718 perfecta
773 1637 846 1704 sein,
894 1634 1181 1701 Gldclrlicherncise
1215 1637 1286 1701 wird
1323 1637 1386 1700 sich

273 1745 346 1807 aber·
369 1743 418 1806 bei
441 1743 617 1807 nirhliohen
641 1744 854 1825 Falschungen
888 1746 977 1807 nnter
1016 1744 1091 1807 nehn
1115 1744 1221 1808 F'allen
1246 1743 1390 1808 nennmal

274 1851 351 1914 arach
376 1850 422 1913 ein
449 1849 556 1913 Grund
582 1853 723 1932 argebeu,
763 1851 895 1914 weshalb
920 1851 1157 1933 eingesohwbrzt
1195 1852 1316 1916 worden
1339 1851 1390 1918 ist.

274 1957 375 2038 Longe
399 1955 526 2036 plurimi
545 1960 660 2034 autem,
686 1958 783 2038 quiin
800 1957 1004 2038 suspicionem
1023 1959 1122 2022 vocati
1139 1960 1219 2035 sunt,
1241 1959 1393 2022 luvenalis

274 2082 378 2127 versus
392 2064 435 2126 ita
454 2065 524 2126 sunt
541 2064 718 2144 comparati,
741 2066 776 2126 ut
792 2083 915 2126 eausam
931 2064 1084 2127 inserendi
1100 2065 1235 2127 invenias
1259 2064 1392 2127 nnllam:

275 2170 368 2235 deleti
385 2171 457 2233 snnt
478 2189 592 2246 versus,
618 2171 763 2251 quianon
787 2171 989 2250 aequiperant
1004 2169 1047 2246 iu,
1072 2171 1152 2251 quod
1177 2171 1275 2234 critici
1291 2171 1393 2234 animo

274 2279 439 2353 finxerunt,
465 2277 617 2361 singulare
640 2279 750 2358 poetae
774 2277 941 2360 ingenium.

363 2387 501 2467 Apparet
525 2404 560 2448 ex
584 2384 640 2462 his,
666 2404 744 2466 qnae
761 2385 997 2466 disputavimus
1021 2404 1203 2468 persuasum
1219 2385 1305 2449 nobis
1329 2405 1392 2449 esse

276 2512 380 2556 vorsus
410 2512 479 2555 vere
508 2491 695 2556 adulterinos
725 2492 808 2555 haud
838 2493 882 2556 ita
911 2494 1025 2558 multos
1053 2495 1083 2557 in
1111 2492 1264 2558 irmenalis
1293 2491 1395 2556 satiris

225 2646 228 2650 Α
275 2599 409 2680 reperiri,
435 2599 488 2663 sed
512 2599 600 2683 longe
618 2601 787 2665 marimum
812 2620 927 2673 eorum,
953 2601 1006 2681 qni
1023 2601 1053 2664 in
1070 2601 1273 2683 suspicionem
1296 2599 1397 2662 vocati

277 2708 363 2782 sunt,
393 2727 537 2770 versuum
566 2728 728 2772 nnmerum
762 2706 946 2770 servandum
976 2727 1040 2771 esse
1074 2711 1104 2773 et
1131 2708 1162 2771 in
1197 2707 1333 2771 carmina
1362 2708 1397 2769 ut

278 2812 376 2893 ipsius
400 2815 508 2893 poetae
532 2814 752 2895 recipiendum.
801 2812 938 2890 Quorum
963 2832 1106 2876 versuum
1123 2814 1239 2894 aliquot
1261 2814 1395 2876 tractare

276 2919 379 2996 liceat,
404 2919 602 3000 ordinemque
626 2919 720 2982 diicat
743 2920 828 2981 locus
852 2918 1064 2982 emendatione
1088 2919 1250 2988 sanandus

93 3265 151 3349 XI,
178 3269 271 3336 1473
381 3273 545 3340 satirae
569 3273 684 3339 enim
702 3274 926 3339 Xlnereus
947 3274 1006 3338 147
1026 3274 1068 3339 et
1089 3273 1148 3337 148
1190 3272 1400 3354 NorcParyx

212 3384 215 3389 ’
276 3395 335 3446 arat
349 3385 475 3467 Lycius,
500 3405 563 3445 eron
586 3404 608 3444 a
624 3403 783 3462 nrarrgone
801 3382 926 3460 petitus
944 3382 1121 3462 Quisquam
1143 3383 1208 3444 erit
1231 3382 1265 3444 in
1280 3400 1400 3460 ariagne

278 3512 347 3552 curn
372 3503 497 3570 posces,
516 3503 615 3571 posce
638 3488 763 3552 latine!
787 3487 897 3551 deletis
918 3486 1033 3551 dnobus
1058 3484 1257 3550 hemistichiis
1283 3486 1356 3567 [non
1383 3504 1401 3547 a

277 3615 426 3677 mangone
445 3633 483 3642 -
500 3596 531 3658 in
548 3597 674 3679 magno]
697 3615 792 3658 unum
813 3594 983 3658 inversum
1006 3593 1105 3676 coegit
1125 3593 1243 3675 primus
1259 3591 1399 3676 euyetus

278 3702 309 3764 et
324 3702 393 3781 post
409 3721 476 3764 eum
494 3705 698 3778 Hermannus,
712 3702 908 3779 Ribbeckius‚
921 3702 942 3766 J
944 3700 1053 3764 ahnius
1070 3698 1195 3784 (1868),
1207 3699 1400 3776 WeidneruS,

278 3827 409 3888 qnorum
433 3826 511 3870 unus
534 3809 719 3872 Ribbeohius
743 3810 786 3890 (p.
815 3810 876 3873 134
901 3808 939 3891 s.)
956 3807 975 3854 ¹)
1000 3805 1172 3871 accuratius
1196 3806 1233 3869 de
1257 3824 1401 3869 versuum

387 3950 406 3994 1)
438 3947 560 4012 Jahnins,
591 3949 636 4014 qni
655 3949 683 4001 in
711 3949 808 4002 Philol.
829 3950 953 4001 XXVIII
972 3948 1066 4016 (18119)
1093 3948 1153 4014 118
1179 3945 1269 4012 paneis
1292 3946 1325 3998 de
1352 3947 1402 3998 hoe

277 4040 335 4092 loco
350 4037 505 4105 disputavit,
525 4037 634 4091 defendi
653 4054 731 4105 posse
750 4044 843 4092 censet
855 4039 937 4091 verba
957 4039 1002 4101 „in
1021 4040 1139 4104 magno“‚
1161 4036 1208 4089 sed
1221 4049 1287 4100 qnae
1306 4033 1403 4086 attulit

278 4127 399 4193 exempla
424 4126 494 4193 (San.
521 4127 632 4193 Thyest.
651 4128 704 4181 453
730 4142 861 4179 votionum
880 4127 908 4178 in
927 4142 991 4178 anro
1011 4125 1129 4191 bibitur3
1150 4124 1221 4176 Flor.
1244 4122 1309 4186 l‚38.
1330 4122 1401 4178 Plin.

278 4216 409 4279 XXXIII,
430 4215 492 4280 142)
512 4217 581 4269 nihil
600 4217 698 4280 valent,
722 4231 770 4268 nec
789 4214 921 4268 Martialis
941 4215 1015 4268 locus
1036 4215 1080 4281 (X,
1106 4215 1148 4279 49,
1165 4214 1182 4266 4
1202 4211 1242 4269 vis
1261 4212 1289 4268 in
1309 4213 1401 4282 auroli

277 4305 339 4360 hnic
359 4306 467 4361 videtur
485 4321 533 4376 par
551 4321 618 4362 esse.
