3052 4666
710 327 953 415 -ao-'

238 511 430 577 admittendo
454 512 541 575 hiatu
564 512 648 594 leges
672 511 795 574 secutus
817 510 858 573 sit
882 509 1049 587 luvenalis,
1079 511 1111 574 et
1133 510 1360 591 comparaveris

239 621 354 684 eeteros
377 618 513 682 eiusdem
531 618 643 682 aetatis
658 619 774 699 poetas
800 617 889 681 facile
906 618 1061 695 concedes,
1086 616 1163 680 nibil
1179 617 1250 681 miri
1266 620 1361 709 atque

235 725 368 791 inauditi
392 724 504 788 habere
528 745 599 790 eum
624 724 661 788 de
685 743 744 805 quo
768 723 798 787 h.
822 724 843 791 Ι,
869 723 973 806 agitur
995 725 1127 791 hlatum.
1153 721 1253 805 Quam
1277 725 1358 788 enim

238 834 338 916 legem
371 833 471 896 secuti
498 831 638 914 plerique
667 832 792 913 poetae,
823 831 876 911 qui
899 830 1048 895 florebant
1071 830 1142 894 inde
1165 849 1183 894 a
1207 830 1360 896 Ciceronis

238 941 356 1016 aetate,
385 939 416 1002 in
439 938 563 1022 longam
592 938 732 1003 finientes
764 956 832 1001 cum
860 937 946 1001 hiatu
979 957 1037 1001 uon
1066 937 1272 1002 adhibuerunt
1300 939 1359 1012 nisi

238 1045 338 1111 autin
356 1065 481 1109 caesura
496 1045 638 1128 legitima
659 1045 895 1126 penthemimeri
912 1045 960 1108 vel
977 1044 1145 1124 aliquando
1162 1044 1358 1125 hepbtlremi-

238 1153 313 1216 meri
348 1155 404 1218 aut
440 1172 508 1215 eum
547 1152 668 1215 nomine
703 1152 824 1232 proprio
858 1152 937 1232 quod
976 1152 1110 1226 vocatur,
1148 1149 1254 1214 eadem
1290 1152 1358 1235 lege

237 1280 310 1324 usus
334 1262 381 1324 est
405 1259 568 1336 luvenalis
604 1259 636 1322 id
666 1259 745 1339 quod
781 1260 909 1341 apparet
943 1278 978 1322 ex
1011 1258 1059 1320 his
1087 1258 1224 1321 versibus
1255 1261 1358 1322 sexta-e

236 1368 347 1432 satirae
399 1366 607 1431 ducentesimo
659 1368 690 1429 et
738 1365 965 1448 septuagesimo
1016 1367 1124 1445 quarto
1177 1364 1357 1442 simillimis

236 1475 294 1552 ΙΙΙ,
340 1475 390 1541 70.
439 1473 492 1550 Vl,
532 1473 608 1542 468,
653 1471 692 1548 Χ,
733 1472 784 1539 54,
825 1471 899 1536 281.
945 1470 1030 1549 XIV,
1071 1473 1122 1538 49.
1166 1470 1235 1549 XV,
1284 1472 1357 1547 126,

236 1581 347 1662 quibus
370 1579 445 1644 locis
476 1578 579 1642 hiatus
611 1581 656 1643 est
685 1579 756 1660 post
786 1596 943 1642 caesuram
966 1577 1248 1658 penthemimerim,
1277 1579 1356 1659 etl,

241 1687 311 1754 151,
335 1686 375 1763 ΙΙ,
405 1686 456 1753 26.
487 1685 525 1761 V,
552 1685 624 1762 158,
653 1685 706 1748 ubi
737 1687 782 1749 est
809 1685 878 1765 post
905 1683 1207 1765 hephthemimerim.
1254 1685 1358 1749 Maius

236 1795 291 1872 est,
328 1794 410 1874 quod
441 1791 564 1858 videtur
594 1810 697 1855 versus
736 1809 980 1872 supervacaneus
1018 1810 1097 1869 esse,
1138 1792 1169 1854 et
1208 1792 1358 1873 praebent

237 1919 344 1963 versus
360 1900 543 1981 antecedens
560 1901 591 1964 et
606 1899 770 1980 insequens
791 1898 969 1961 facillimam
988 1897 1018 1961 in
1040 1917 1136 1961 unum
1154 1897 1358 1962 confundendi
1435 1962 1437 1966 Α

237 2006 431 2085 facultatem,
457 2026 526 2071 eum
551 2006 666 2087 optime
694 2005 900 2087 coniungatur
924 2024 993 2068 cum
1022 2005 1173 2069 adiectivo
1198 2005 1356 2086 „paratis“

237 2113 409 2177 infinitivus
437 2114 505 2189 ille,
539 2113 592 2193 qui
625 2115 672 2176 est
703 2117 882 2190 „manare“.
938 2110 997 2175 Sed
1033 2111 1100 2192 quis
1132 2111 1200 2176 ideo
1236 2130 1356 2175 versum

238 2221 368 2298 delebit,
400 2219 482 2301 quod
511 2218 630 2283 deletus
653 2236 671 2281 a
695 2218 779 2281 nullo
816 2217 1022 2295 desideratur,
1056 2219 1088 2282 et
1121 2236 1244 2294 eorum,
1277 2217 1357 2280 inter

237 2345 312 2407 quos
336 2326 461 2408 legitur,
485 2344 629 2389 versuum
655 2323 720 2388 lieri
743 2326 846 2405 potest
869 2328 1051 2388 concursus?
1079 2324 1256 2388 Memineris
1279 2323 1307 2390 h.
1333 2323 1355 2386 Ι.

240 2432 332 2495 velim
368 2451 488 2507 eorum,
532 2450 610 2512 quae
650 2450 744 2511 supra
778 2431 1005 2512 disputavimus
1036 2451 1065 2513 p.
1102 2432 1120 2494 8
1150 2431 1187 2495 de
1220 2430 1356 2495 versibus

239 2539 381 2602 accurate
406 2535 611 2602 excutiendis!
640 2535 722 2600 Nam
746 2538 861 2619 optime
890 2556 1013 2601 versum
1037 2536 1116 2602 salse
1144 2538 1260 2602 dictum
1292 2555 1355 2601 esse

237 2645 376 2726 exposuit
400 2643 594 2720 Weidnerus,
627 2643 791 2708 defendens
819 2663 889 2707 eum
918 2643 966 2707 his
996 2644 1110 2711 verbis:
1143 2645 1251 2709 Dieser
1279 2644 1355 2708 Vers

234 2753 315 2816 laun
351 2750 526 2833 unmoglich
561 2749 675 2832 getilgt
707 2751 836 2817 werden.
884 2751 926 2813 Er
959 2751 1033 2819 bebt
1065 2750 1115 2816 die
1152 2750 1356 2833 Sehilderung

238 2858 333 2922 durch
358 2857 538 2922 beissenden
563 2857 653 2940 Spott
675 2911 681 2924 .
700 2910 732 2924 ..
758 2857 862 2922 Denlrt
875 2877 956 2942 'man
980 2858 1045 2921 sich
1068 2858 1127 2922 deu
1143 2858 1220 2922 Vers
1235 2858 1355 2941 hinueg

234 2983 266 3027 so
296 2963 472 3028 ersclreineu
503 2963 552 3027 die
581 2963 688 3029 Worte
725 2983 903 3045 semperque
934 2964 1048 3046 paratis
1081 2965 1177 3029 ueben
1210 2965 1355 3029 uberibus

235 3091 355 3152 semper
379 3071 424 3134 als
447 3071 570 3135 ledeme
594 3072 688 3135 Prosa
711 3074 783 3139 cett.

322 3178 448 3252 Restat,
478 3179 512 3241 ut
540 3180 622 3242 recte
651 3177 820 3241 scribamus
848 3197 979 3246 versum.
1033 3180 1072 3243 llt
1100 3179 1259 3243 scribimus
1287 3179 1352 3240 ita:

238 3284 409 3361 ,Uberibus
434 3303 555 3365 semper
577 3283 722 3361 lacrimis
747 3303 926 3365 semperque
939 3270 1057 3365 paratis
1080 3284 1265 3348 laetatione
1287 3301 1351 3359 sua,

233 3393 324 3471 atque
349 3391 594 3470 exspectantibus
617 3390 715 3468 illam,
741 3389 806 3468 Quo
830 3390 935 3455 iubeat
958 3411 1083 3456 manare
1106 3390 1223 3458 modo.“
1264 3386 1352 3467 Quod

234 3499 458 3580 coniunguntur
486 3498 591 3570 verba,
624 3516 701 3578 quae
734 3501 805 3561 sunt
842 3499 977 3579 ,paratis
1009 3498 1039 3562 in
1072 3496 1204 3561 statione
1231 3497 1353 3580 sua“¹),

233 3605 311 3669 nihil
339 3603 433 3666 habet
467 3602 638 3667 offensionis
671 3603 753 3684 apud
781 3603 972 3682 Iuvenalem,
1006 3604 1057 3686 qui
1090 3603 1265 3686 pleonasmo
1301 3603 1355 3684 qui

235 3711 348 3774 dicitur
371 3710 516 3785 abundat,
541 3709 722 3790 praesertim
749 3728 819 3773 cum
843 3710 873 3776 h.
898 3710 919 3777 l.
945 3710 1119 3791 pleonasmo
1141 3709 1241 3775 ut'tur
1264 3711 1355 3792 poeta

233 3818 272 3881 ad
296 3816 469 3899 augendam
494 3815 678 3884 irrisionem.
726 3816 891 3880 Praeterea
915 3816 1097 3880 servandam
1114 3836 1179 3882 esse
1196 3835 1354 3882 censemus

232 3926 416 4006 scripturam
448 3923 590 3999 ,illam“,
620 3923 705 3986 cuius
734 3923 896 3986 verborum
924 3923 1147 3989 consecutionis
1176 3923 1353 4004 exemplum

233 4031 315 4112 apud
341 4028 518 4093 Iuvenalem
544 4029 646 4110 ipsum
668 4029 790 4109 quidem
817 4049 875 4093 non
899 4029 1081 4109 invenimus,
1106 4030 1159 4094 sed
1183 4028 1352 4111 reperimus

309 4176 329 4237 ¹)
349 4138 488 4222 lVeVlueri
509 4169 535 4222 in
556 4175 632 4221 textu
653 4169 811 4235 typothetae
835 4171 893 4223 sine
912 4170 992 4224 dubio
1011 4186 1101 4224 errore
1120 4184 1219 4223 comma
1237 4168 1355 4236 positum

235 4267 277 4313 est
297 4265 360 4326 post
379 4258 495 4324 paratis,
516 4259 545 4311 in
565 4258 739 4312 adnotatione
757 4265 831 4312 recte
850 4260 950 4326 scripta
970 4266 1033 4312 suut
1051 4259 1141 4314 verba.
