3052 4666
707 336 877 401 ...25-

233 493 334 559 virtus
349 492 513 561 libertatis.
560 496 705 563 menso.
724 550 731 562 .
749 549 755 564 .
775 495 902 578 provida
919 495 1015 559 virtus
1039 496 1186 559 zuntclrst
1200 495 1351 560 :virtus
1376 495 1378 498 ⁴

234 600 425 684 prudentiae.
472 601 622 666 Aebnlich
646 603 759 667 lrbnnte
776 602 931 667 vielleicht
952 602 1029 666 auch
1055 656 1062 669 .
1089 651 1096 666 .
1120 655 1127 669 .
1152 602 1250 683 gloria
1265 601 1352 667 fortis

235 709 335 784 abest,
368 707 482 775 Tibull.
506 708 531 785 l,
561 711 628 786 5,2
651 710 768 792 gcfasst
800 709 921 774 werden
946 709 1004 790 (τ
1022 708 1122 791 gloria
1150 708 1351 782 fort'tudinis

235 815 295 897 vgl.
321 814 467 879 fortitudo
491 817 538 879 est
560 815 658 898 gloria
683 869 689 881 .
715 869 722 883 .
749 865 756 880 .
781 817 792 900 )
819 869 825 884 .
853 865 859 880 .
886 870 893 882 .
919 815 965 880 Ob
994 815 1062 879 laus
1084 816 1228 891 humana,
1254 814 1353 878 brevis

119 1007 120 1010 Ἴ
235 941 263 988 u.
289 920 351 1005 dgl.
377 921 433 992 f:
457 921 525 986 laus
549 922 767 1000 humanitatis,
792 921 967 1000 brevitatis
992 922 1047 986 der
1071 923 1171 986 nurse
1199 922 1242 985 im
1272 922 1353 985 Aus-

234 1028 346 1106 druck,
378 1029 442 1092 und
471 1029 535 1093 also
562 1049 640 1112 ganz
668 1029 864 1094 verschieden
898 1051 955 1095 von
984 1030 1054 1094 dem
1083 1030 1257 1095 bekannten
1285 1027 1353 1091 laus

233 1136 381 1213 oratoria,
419 1135 640 1218 imperatoria),
687 1136 814 1200 facultas
849 1136 993 1218 eloquens
1037 1138 1094 1219 (21
1122 1135 1253 1199 facultas
1291 1133 1353 1198 elo-

235 1242 378 1323 quentiae
397 1294 403 1306 .
422 1294 428 1307 .
446 1241 458 1322 )
482 1239 546 1304 und
562 1241 747 1306 Aehnlichos
762 1242 915 1325 irgcndwo
933 1243 999 1306 sich
1014 1243 1120 1321 findet,
1143 1262 1227 1306 muss
1243 1241 1353 1305 dahin-

234 1347 360 1431 gestellt
387 1346 516 1414 bleiben.
568 1347 753 1432 Unmoglich
781 1348 821 1412 ist
854 1367 886 1413 os
910 1348 1008 1427 nicht,
1038 1349 1078 1412 da
1105 1349 1136 1411 iu
1173 1348 1352 1412 obiectivem

237 1455 328 1520 Sinna
363 1453 537 1535 exemplum
579 1456 734 1533 constans,
773 1455 908 1532 iustum,
943 1456 1105 1520 honestum
1140 1475 1169 1520 u.
1203 1454 1265 1536 dgl.
1302 1454 1351 1518 bei

236 1561 403 1644 Spaeteren
428 1561 514 1625 nicht
537 1561 769 1644 uugewolmlich
793 1562 836 1625 ist
861 1561 897 1644 (s.
924 1563 1016 1626 untcn
1042 1563 1059 1644 ξ
1086 1563 1171 1646 50).“
1199 1560 1354 1625 luvenalis

235 1669 327 1733 verba
348 1669 483 1745 „malum
504 1667 721 1732 ambitiosunr“
743 1667 800 1751 (ιι
816 1669 934 1733 malum
959 1668 1136 1734 ambitionis
1152 1698 1195 1722 :..-.·
1212 1667 1353 1751 ambitio)

235 1775 349 1840 similia
372 1775 517 1840 videntur
539 1795 605 1840 esse
629 1775 709 1853 illis,
739 1795 817 1857 quae
841 1779 913 1840 sunt
943 1775 1061 1854 „libera
1084 1775 1197 1853 virtus,
1229 1773 1355 1857 prouida

236 1883 367 1947 virtus.⁴‘

689 2047 901 2054 ——-—-—.-..

61 2189 236 2271 VII‚.109.
329 2201 528 2269 Eiusdem
555 2203 759 2273 carminis
785 2219 959 2270 versum
988 2205 1048 2269 109
1092 2205 1278 2284 praecepere,
1305 2205 1359 2265 cel
1424 2228 1428 2239 ·

235 2311 267 2372 si
294 2310 405 2391 tetigit
431 2312 521 2373 latus
549 2311 664 2374 acrior
696 2311 755 2374 illo
784 2310 899 2375 delevit
928 2308 1062 2377 Iahnius,
1102 2308 1257 2373 luvenalis
1280 2309 1309 2376 h.
1328 2305 1356 2371 l.

235 2415 369 2497 exponit,
394 2436 453 2481 non
477 2417 576 2481 solum
601 2419 707 2499 poetas
731 2419 763 2482 et
785 2418 945 2483 historicos
968 2418 1081 2482 misera
1106 2415 1277 2482 conditione
1299 2415 1356 2494 uti,

236 2522 289 2587 sed
323 2521 418 2587 etiam
448 2524 620 2589 causidicos
652 2544 782 2607 parrum
810 2526 930 2591 auferre
959 2544 1068 2607 operae
1091 2524 1243 2607 pretium;
1275 2523 1356 2606 ipsos

235 2628 361 2711 quidem
386 2631 555 2696 uberrimos
578 2632 776 2714 pecuniarum
793 2633 912 2697 reditus
928 2633 1052 2710 iactare,
1077 2631 1131 2695 sed
1148 2650 1235 2695 veras
1251 2649 1355 2695 eorum

236 2735 401 2800 facultates
431 2738 497 2801 tam
525 2756 589 2802 esse
619 2740 741 2815 tenues,
771 2741 806 2803 ut
839 2758 877 2804 ue
904 2741 1028 2803 centum
1055 2737 1180 2819 quidem
1209 2736 1355 2801 causidici

236 2843 371 2906 conferre
406 2843 522 2923 possint
550 2843 640 2907 unius
676 2844 785 2908 famosi
820 2844 944 2927 aurigae
979 2843 1105 2908 diuitias
1137 2841 1355 2925 (roo-114).

237 2947 440 3028 Opponuntur
469 2948 566 3032 igitur
599 2950 706 3027 verba,
735 2968 813 3031 quae
841 2950 913 3013 sunt
939 2949 970 3012 in
994 2970 1022 3014 v.
1059 2950 1119 3013 108
1144 2951 1209 3030 ipsi
1232 2972 1353 3032 magna

235 3065 366 3131 sonant,
383 3053 421 3118 iis
437 3075 515 3136 quae
532 3057 604 3120 sunt
627 3056 657 3119 in
681 3077 709 3122 v.
737 3059 799 3121 112
817 3078 928 3119 veram
952 3057 1154 3136 deprendere
1176 3076 1310 3119 messem
1326 3058 1358 3119 si

235 3163 325 3237 libet,
343 3163 377 3225 ut
391 3160 533 3225 dicantur
550 3162 709 3228 mendacia
725 3161 870 3227 causidici
885 3162 988 3245 detegi
1005 3162 1095 3226 rebus
1110 3161 1195 3245 ipsis,
1224 3162 1360 3226 Additur

235 3270 338 3334 autem
363 3268 402 3333 ad
427 3270 519 3334 verba
541 3269 596 3334 illa
614 3269 690 3352 „ipsi
707 3289 818 3353 magua
833 3272 973 3347 sonant“‚
998 3269 1173 3352 praedicare
1190 3268 1359 3334 causidicos

236 3377 273 3440 de
296 3375 446 3441 reditibus
469 3377 531 3441 suis
555 3396 589 3442 eo
613 3376 873 3460 magnificentius,
898 3376 922 3440 si
952 3376 1131 3441 creditorem
1161 3395 1251 3458 quem
1282 3376 1358 3440 forto

236 3482 412 3548 audientem
436 3485 600 3563 senserint,
630 3486 661 3549 et
693 3481 905 3547 incredibilem
934 3483 964 3546 in
994 3482 1120 3547 modum
1149 3482 1271 3546 mentiri
1299 3502 1358 3560 eos,

237 3588 263 3651 si
291 3590 394 3654 veniat
422 3591 505 3671 quis,
534 3591 586 3672 qui
618 3591 740 3674 flagitet
768 3590 918 3668 debitum,
948 3588 1020 3671 quia
1048 3589 1195 3671 suspicari
1224 3587 1359 3671 coeperit

237 3691 321 3758 illius
344 3695 480 3759 solvendi
502 3697 695 3763 facultatem.
1293 3768 1297 3774 ,

326 3799 386 3863 Hic
410 3801 485 3883 „qui
513 3803 598 3868 venit
626 3803 665 3868 ad
697 3803 827 3868 dubium
855 3803 965 3887 grandi
993 3822 1063 3866 cum
1095 3801 1197 3868 codice
1226 3806 1357 3867 nomen“

237 3906 378 3989 quisnam
403 3907 454 3985 sit,
479 3910 647 3989 quaeritur.
695 3910 880 3975 Accuratius
904 3910 983 3974 hanc
1005 3928 1071 3973 rem
1099 3909 1246 3973 tractavit
1268 3908 1360 3972 Mad-

235 4016 335 4099 vigius
359 4015 420 4098 (op.
445 4017 530 4083 acad.
556 4016 596 4095 n,
626 4018 686 4082 179
700 4020 738 4100 s.)
762 4018 807 4082 ita
824 4017 991 4084 disserens:
1018 4016 1098 4097 „ipsi
1116 4015 1240 4097 quidem
1257 4015 1358 4080 omnia

237 4141 349 4206 magna
372 4123 553 4205 loquuntur,
585 4142 714 4207 magnas
744 4123 802 4188 sibi
835 4123 991 4187 mercedes
1021 4122 1096 4187 solui
1126 4123 1222 4187 solere
1254 4123 1360 4187 dicunt

238 4227 364 4325 (magna
387 4229 510 4316 sonant)
517 4257 525 4316 3
550 4228 603 4294 sed
628 4229 748 4311 quando
765 4230 821 4294 hoc
845 4228 977 4302 dicunt?
1000 4229 1069 4299 tum
1090 4229 1263 4320 praecipue,
1288 4248 1359 4295 cum
