3052 4666
697 335 805 400 -1g
834 375 872 384 ..

36 493 100 577 vr,
127 497 222 565 157s.
316 496 478 563 saurae
513 497 750 564 urrerem
786 499 846 562 157
883 498 925 565 er
962 499 1023 563 res
1056 501 1174 564 aetna
1207 503 1346 565 adamas
1420 474 1421 477 ‘

223 608 415 669 notissimus
444 618 476 668 et
502 608 675 668 Beronices
699 609 739 668 ln
762 606 868 687 digito
884 609 1004 685 jactus
1031 609 1229 687 pretiosior:
1262 609 1347 672 tuere

223 714 315 776 dedit
345 714 422 776 olim
454 708 546 796 (157)
580 715 753 775 Barbarus
773 714 940 787 'incestam
969 713 1061 775 dedit
1089 713 1174 776 liuere
1197 717 1345 796 Agrippa

222 820 336 883 sorori
359 817 470 882 deletis
495 818 612 882 duobus
635 817 841 883 hemistichiis

492 925 709 1006 [pretiosiorr
733 927 817 988 tunc
840 925 933 989 dedit
956 926 1035 988 olim

385 1035 559 1095 Barbaros
583 1032 740 1113 incestae]

224 1137 316 1201 unius
349 1157 453 1201 versus
480 1139 510 1202 in
539 1139 668 1202 formam
701 1138 826 1221 redegit
854 1139 1046 1202 Hermannus
1080 1137 1111 1200 in
1141 1137 1262 1211 libello,
1293 1139 1346 1221 qui

223 1245 387 1325 inscriptus
411 1246 457 1308 est
487 1244 645 1309 Vindiciae
677 1244 890 1309 luvenalianae
920 1243 962 1326 (p.
996 1245 1059 1327 10).
1116 1244 1223 1320 „Unde
1252 1246 1345 1325 eninr,

223 1350 338 1432 inquit,
373 1350 567 1415 notissimum
599 1351 689 1414 illurn
725 1351 920 1415 adamantem
955 1351 1074 1415 factum
1107 1370 1171 1416 esse
1199 1351 1345 1430 dicamus,

223 1456 282 1519 nisi
314 1459 436 1538 praeter
471 1457 547 1522 alios
581 1458 674 1522 etiam
708 1458 869 1523 Beronices
903 1457 935 1520 in
972 1457 1070 1540 digito
1103 1458 1249 1522 fuisset?“
1304 1461 1347 1524 At

224 1563 417 1627 notissimum
451 1584 520 1628 eum
555 1565 648 1628 fuisse
676 1563 808 1628 hominis
841 1564 991 1645 praeclari
1020 1564 1204 1645 possessione
1237 1567 1346 1646 poetae

224 1670 385 1734 credamus
412 1690 533 1735 necesse
562 1674 621 1749 est,
651 1690 747 1752 neque
777 1689 853 1751 opus
883 1673 929 1735 est
956 1670 1042 1735 nobis
1070 1670 1161 1747 scire,
1191 1672 1344 1752 quomodo

224 1777 399 1842 notissimus
415 1778 515 1842 factus
531 1777 585 1850 sit3
604 1778 739 1841 multum
756 1795 827 1841 vero
852 1779 955 1840 nostra
978 1778 1106 1841 interest
1121 1777 1160 1841 ad
1177 1777 1343 1842 mulierum

226 1884 435 1948 Romanarum
480 1902 579 1948 mores
631 1884 753 1964 penitus
801 1883 1020 1966 cognoscendos
1076 1883 1199 1962 audire,
1249 1885 1347 1950 etiam

224 1991 438 2072 pretiosiorem
455 2010 525 2055 eum
541 1990 658 2053 factum
676 2009 740 2055 esso
756 2009 801 2067 eo,
826 1989 905 2071 quod
922 1989 983 2053 tuit
998 1989 1029 2053 in
1052 1989 1149 2072 digito
1166 1990 1346 2060 Beronices:

226 2097 290 2160 eius
321 2096 402 2160 enim
430 2098 630 2179 possessione,
664 2115 741 2177 quae
776 2096 892 2160 incesta
926 2095 1123 2160 adamantem
1161 2098 1200 2162 ab
1220 2091 1347 2163 'incesto

225 2204 322 2268 fratre
347 2204 424 2268 dono
449 2204 619 2284 acceperat,
643 2203 826 2266 mulieribus
848 2202 916 2267 istis
945 2202 1145 2285 degeneribus
1168 2205 1347 2270 notissimus

227 2311 280 2375 illo
297 2312 428 2375 annulus
445 2311 538 2375 etiam
555 2311 715 2393 pretiosior
736 2311 899 2375 videbatur
922 2329 997 2388 csse,
1021 2311 1058 2374 ut
1081 2311 1176 2375 dabat
1199 2329 1344 2394 magnum

224 2418 358 2498 pretium
389 2418 510 2481 annulis
538 2418 621 2481 fama
650 2419 681 2481 et
709 2417 843 2500 dignitas
871 2417 1009 2497 priorum
1037 2435 1252 2497 possessorum.
1299 2418 1345 2482 De

145 2549 147 2553 ’
224 2524 462 2605 interpretandis
494 2523 592 2588 verbis
629 2523 728 2599 „inune
760 2523 847 2588 dedit
874 2523 948 2586 clim
979 2560 1018 2568 —
1058 2523 1197 2605 Agrippa
1232 2524 1342 2588 sorori“

225 2630 295 2695 uide
319 2630 359 2694 sis
382 2630 543 2695 Kiaerium
567 2651 596 2713 p.
623 2631 676 2706 37,
701 2629 756 2712 qui
785 2649 842 2693 non
868 2629 906 2694 de
929 2630 1047 2694 duobus
1075 2630 1149 2694 viris
1172 2631 1204 2695 et
1227 2630 1348 2696 duabus

225 2737 388 2815 sororibus,
413 2737 466 2802 sed
489 2737 526 2800 de
550 2756 610 2800 uno
635 2736 699 2799 viro
723 2736 814 2799 etde
839 2755 899 2799 uua
923 2755 1036 2814 sorore,
1061 2736 1202 2820 Agrippa
1233 2738 1348 2802 minore

226 2847 258 2908 ct
281 2846 353 2908 nota
377 2844 431 2907 illa
447 2844 602 2927 Agrippae
621 2842 743 2905 maioris
766 2841 832 2905 filia
855 2842 1027 2921 libidinosa,
1051 2846 1176 2923 poetam
1199 2844 1348 2928 cogitasse

226 2952 342 3033 optime
366 2951 518 3033 exposuit.

315 3058 434 3134 Deinde
451 3056 621 3122 Herrnanni
637 3057 789 3138 scriptura
805 3056 959 3120 debihtari
975 3056 1074 3120 locum
1091 3055 1181 3121 facile
1200 3056 1350 3141 intelligi·

225 3169 290 3233 tur:
315 3185 387 3228 narn
415 3164 525 3229 deletis
552 3163 754 3228 hemistichiis
783 3183 872 3228 versu
905 3164 1099 3241 „notissimus
1129 3165 1161 3228 et
1189 3164 1350 3228 Beronices

226 3271 257 3334 in
286 3271 381 3354 digito
410 3272 527 3335 factus“
561 3269 687 3333 additur
718 3269 841 3333 tanturn
871 3269 1032 3333 Beronices
1068 3269 1160 3334 fuisse
1188 3269 1346 3348 annulum,

226 3379 355 3442 servatis
391 3378 504 3443 diserte
543 3375 720 3458 exponitur,
762 3377 828 3458 ipsu
868 3376 1028 3440 Beronices
1075 3376 1268 3457 possessione
1298 3375 1348 3440 uel

226 3485 419 3549 notissimum
445 3485 594 3549 annulum
619 3484 713 3548 etiam
736 3482 946 3565 pretiosiorem
969 3482 1088 3546 facturn
1112 3502 1187 3560 esse,
1211 3481 1242 3547 id
1261 3480 1347 3573 ‘quod

226 3592 341 3673 optime
366 3592 550 3674 quadratio
581 3591 742 3656 consilium
768 3589 922 3654 Iuvenalis
947 3589 1115 3653 mulierum
1139 3589 1349 3654 Romanarum

227 3720 328 3764 mores
352 3699 596 3782 perstringentis.
606 3698 629 3783 1)

27 3884 30 3889 .
66 3826 225 3905 V1‚188.
320 3824 469 3891 Sextae
501 3824 658 3890 satirae
697 3838 870 3890 uersum
918 3822 978 3884 188
1045 3823 1123 3886 Cum
1171 3821 1217 3884 sir
1256 3832 1351 3901 turpe

232 3935 339 4015 rrragis
367 3935 489 3996 uostris
517 3933 644 3995 nescire
678 3933 782 3995 latiae
814 3928 954 4009 spurium
988 3946 1052 3991 esse
1088 3925 1187 3990 critici
1221 3924 1348 4006 probare

304 4074 325 4138 ¹)
346 4073 471 4138 Rupertii
496 4078 524 4124 et
552 4071 691 4125 Weidneri
716 4071 748 4125 de
779 4071 921 4124 adamante
949 4068 1138 4121 adnotationes
1163 4065 1233 4121 omrri
1258 4068 1350 4117 carent

231 4161 432 4228 probabilitate.
505 4161 605 4213 Verum
624 4159 693 4212 vidit
712 4159 858 4212 Teuffelius
885 4164 913 4210 et
932 4157 960 4210 in
979 4157 1102 4210 versione
1127 4160 1155 4209 et
1172 4155 1200 4209 iu
1219 4166 1349 4207 commen·

232 4251 301 4303 tario
320 4267 346 4317 p.
366 4252 425 4305 215.
