<?xml version="1.0" encoding="UTF-8"?>
<!DOCTYPE html PUBLIC "-//W3C//DTD XHTML 1.0 Transitional//EN"
    "http://www.w3.org/TR/xhtml1/DTD/xhtml1-transitional.dtd">
<html xmlns="http://www.w3.org/1999/xhtml" xml:lang="en" lang="en">
 <head>
  <title>
</title>
<meta http-equiv="Content-Type" content="text/html;charset=utf-8" />
  <meta name='ocr-system' content='tesseract 3.04.00' />
  <meta name='ocr-capabilities' content='ocr_page ocr_carea ocr_par ocr_line ocrx_word'/>
</head>
<body>
  <div class='ocr_page' id='page_1' title='image "./deversibusaliqu00polsgoog_0012.png"; bbox 0 0 3052 4666; ppageno 0'>
   <div class='ocr_carea' id='block_1_1' title="bbox 662 419 813 492">
    <p class='ocr_par' dir='ltr' id='par_1_1' title="bbox 662 419 813 492">
     <span class='ocr_line' id='line_1_1' title="bbox 662 419 813 492; baseline -0.007 -18"><span class='ocrx_word' id='word_1_1' title='bbox 662 419 813 492; x_wconf 68' lang='grc'>,3-</span> 
     </span>
    </p>
   </div>
   <div class='ocr_carea' id='block_1_2' title="bbox 179 574 1307 4383">
    <p class='ocr_par' dir='ltr' id='par_1_2' title="bbox 179 574 1299 887">
     <span class='ocr_line' id='line_1_2' title="bbox 179 574 1298 671; baseline -0.009 -14"><span class='ocrx_word' id='word_1_2' title='bbox 179 589 366 658; x_wconf 85' lang='grc'>1111111111</span> <span class='ocrx_word' id='word_1_3' title='bbox 383 590 414 654; x_wconf 91' lang='grc'>11</span> <span class='ocrx_word' id='word_1_4' title='bbox 430 590 609 671; x_wconf 84' lang='lat' dir='ltr'>sequuntur,</span> <span class='ocrx_word' id='word_1_5' title='bbox 626 607 768 652; x_wconf 87' lang='lat' dir='ltr'>versuum</span> <span class='ocrx_word' id='word_1_6' title='bbox 782 584 963 671; x_wconf 85' lang='lat' dir='ltr'>argumento</span> <span class='ocrx_word' id='word_1_7' title='bbox 979 579 1181 650; x_wconf 87' lang='lat' dir='ltr'>consentiunt.</span> <span class='ocrx_word' id='word_1_8' title='bbox 1204 574 1298 647; x_wconf 84' lang='lat' dir='ltr'>Patet</span> 
     </span>
     <span class='ocr_line' id='line_1_3' title="bbox 183 686 1299 778; baseline -0.01 -15"><span class='ocrx_word' id='word_1_9' title='bbox 183 719 255 763; x_wconf 86' lang='lat' dir='ltr'>casu</span> <span class='ocrx_word' id='word_1_10' title='bbox 287 697 418 778; x_wconf 88' lang='lat' dir='ltr'>quodam</span> <span class='ocrx_word' id='word_1_11' title='bbox 449 714 499 760; x_wconf 89' lang='lat' dir='ltr'>eos</span> <span class='ocrx_word' id='word_1_12' title='bbox 529 694 561 758; x_wconf 90' lang='lat' dir='ltr'>in</span> <span class='ocrx_word' id='word_1_13' title='bbox 588 714 732 758; x_wconf 89' lang='lat' dir='ltr'>versuum</span> <span class='ocrx_word' id='word_1_14' title='bbox 758 692 895 759; x_wconf 79' lang='lat' dir='ltr'><strong>ordinem</strong></span> <span class='ocrx_word' id='word_1_15' title='bbox 924 689 1091 772; x_wconf 81' lang='lat' dir='ltr'>irrepsisse.</span> <span class='ocrx_word' id='word_1_16' title='bbox 1138 686 1299 754; x_wconf 81' lang='lat' dir='ltr'>Facillime</span> 
     </span>
     <span class='ocr_line' id='line_1_4' title="bbox 181 801 582 887; baseline 0 -18"><span class='ocrx_word' id='word_1_17' title='bbox 181 805 275 887; x_wconf 87' lang='lat' dir='ltr'>spurii</span> <span class='ocrx_word' id='word_1_18' title='bbox 302 801 582 884; x_wconf 89' lang='lat' dir='ltr'>deprehenduntur.</span> 
     </span>
    </p>

    <p class='ocr_par' dir='ltr' id='par_1_3' title="bbox 179 899 1302 1294">
     <span class='ocr_line' id='line_1_5' title="bbox 272 899 1300 991; baseline -0.008 -18"><span class='ocrx_word' id='word_1_19' title='bbox 272 909 332 974; x_wconf 89' lang='lat' dir='ltr'>Sed</span> <span class='ocrx_word' id='word_1_20' title='bbox 363 911 435 973; x_wconf 89' lang='lat' dir='ltr'>sunt</span> <span class='ocrx_word' id='word_1_21' title='bbox 468 927 604 990; x_wconf 93' lang='lat' dir='ltr'>quoque,</span> <span class='ocrx_word' id='word_1_22' title='bbox 630 907 684 988; x_wconf 93' lang='lat' dir='ltr'>qui</span> <span class='ocrx_word' id='word_1_23' title='bbox 708 906 840 991; x_wconf 82' lang='lat' dir='ltr'>cogitate</span> <span class='ocrx_word' id='word_1_24' title='bbox 871 908 904 971; x_wconf 92' lang='lat' dir='ltr'>et</span> <span class='ocrx_word' id='word_1_25' title='bbox 933 905 1071 970; x_wconf 88' lang='lat' dir='ltr'>consulto</span> <span class='ocrx_word' id='word_1_26' title='bbox 1094 899 1202 969; x_wconf 86' lang='lat' dir='ltr'>inserti</span> <span class='ocrx_word' id='word_1_27' title='bbox 1227 901 1300 967; x_wconf 90' lang='lat' dir='ltr'>sunt</span> 
     </span>
     <span class='ocr_line' id='line_1_6' title="bbox 180 1007 1301 1083; baseline -0.01 -1"><span class='ocrx_word' id='word_1_28' title='bbox 180 1035 293 1083; x_wconf 85' lang='lat' dir='ltr'>versus.</span> <span class='ocrx_word' id='word_1_29' title='bbox 347 1013 441 1079; x_wconf 80' lang='lat' dir='ltr'>Cuius</span> <span class='ocrx_word' id='word_1_30' title='bbox 475 1015 520 1080; x_wconf 93' lang='lat' dir='ltr'>rei</span> <span class='ocrx_word' id='word_1_31' title='bbox 548 1014 735 1079; x_wconf 85' lang='lat' dir='ltr'>certissimus</span> <span class='ocrx_word' id='word_1_32' title='bbox 763 1014 851 1078; x_wconf 88' lang='lat' dir='ltr'>testis</span> <span class='ocrx_word' id='word_1_33' title='bbox 881 1015 929 1078; x_wconf 86' lang='lat' dir='ltr'>est</span> <span class='ocrx_word' id='word_1_34' title='bbox 958 1010 1121 1077; x_wconf 82' lang='lat' dir='ltr'>vicesimus</span> <span class='ocrx_word' id='word_1_35' title='bbox 1149 1007 1301 1074; x_wconf 89' lang='lat' dir='ltr'>secundus</span> 
     </span>
     <span class='ocr_line' id='line_1_7' title="bbox 179 1113 1302 1203; baseline -0.008 -15"><span class='ocrx_word' id='word_1_36' title='bbox 179 1126 234 1192; x_wconf 89' lang='lat' dir='ltr'>sat.</span> <span class='ocrx_word' id='word_1_37' title='bbox 261 1123 291 1185; x_wconf 91' lang='lat' dir='ltr'>ll</span> <span class='ocrx_word' id='word_1_38' title='bbox 313 1142 429 1201; x_wconf 90' lang='lat' dir='ltr'>versus,</span> <span class='ocrx_word' id='word_1_39' title='bbox 454 1142 469 1185; x_wconf 93' lang='lat' dir='ltr'>e</span> <span class='ocrx_word' id='word_1_40' title='bbox 494 1141 554 1203; x_wconf 89' lang='lat' dir='ltr'>quo</span> <span class='ocrx_word' id='word_1_41' title='bbox 576 1121 609 1185; x_wconf 92' lang='lat' dir='ltr'>in</span> <span class='ocrx_word' id='word_1_42' title='bbox 631 1140 691 1186; x_wconf 91' lang='lat' dir='ltr'>uno</span> <span class='ocrx_word' id='word_1_43' title='bbox 715 1120 779 1190; x_wconf 87' lang='lat' dir='ltr'>cod.</span> <span class='ocrx_word' id='word_1_44' title='bbox 813 1120 896 1189; x_wconf 89' lang='lat' dir='ltr'>Ulm.</span> <span class='ocrx_word' id='word_1_45' title='bbox 934 1119 1026 1184; x_wconf 89' lang='lat' dir='ltr'>misso</span> <span class='ocrx_word' id='word_1_46' title='bbox 1050 1136 1138 1183; x_wconf 87' lang='lat' dir='ltr'>versu</span> <span class='ocrx_word' id='word_1_47' title='bbox 1164 1117 1203 1182; x_wconf 86' lang='lat'>15</span> <span class='ocrx_word' id='word_1_48' title='bbox 1227 1113 1302 1180; x_wconf 87' lang='lat' dir='ltr'>facti</span> 
     </span>
     <span class='ocr_line' id='line_1_8' title="bbox 181 1229 351 1294; baseline 0.006 -1"><span class='ocrx_word' id='word_1_49' title='bbox 181 1230 253 1293; x_wconf 92' lang='lat' dir='ltr'>sunt</span> <span class='ocrx_word' id='word_1_50' title='bbox 276 1229 351 1294; x_wconf 91' lang='lat' dir='ltr'>duo:</span> 
     </span>
    </p>

    <p class='ocr_par' dir='ltr' id='par_1_4' title="bbox 290 1331 1301 1416">
     <span class='ocr_line' id='line_1_9' title="bbox 290 1331 1301 1416; baseline -0.009 -17"><span class='ocrx_word' id='word_1_51' title='bbox 290 1337 422 1399; x_wconf 84' lang='lat' dir='ltr'>Clunem</span> <span class='ocrx_word' id='word_1_52' title='bbox 438 1333 577 1416; x_wconf 77' lang='lat' dir='ltr'>&#39;agitant</span> <span class='ocrx_word' id='word_1_53' title='bbox 600 1333 819 1416; x_wconf 76' lang='lat' dir='ltr'>[Venerisque</span> <span class='ocrx_word' id='word_1_54' title='bbox 839 1355 920 1396; x_wconf 87' lang='lat' dir='ltr'>novo</span> <span class='ocrx_word' id='word_1_55' title='bbox 944 1341 1139 1416; x_wconf 81' lang='lat' dir='ltr'>nzergrmtur</span> <span class='ocrx_word' id='word_1_56' title='bbox 1160 1331 1195 1395; x_wconf 84' lang='lat' dir='ltr'>in</span> <span class='ocrx_word' id='word_1_57' title='bbox 1218 1339 1301 1393; x_wconf 87' lang='lat' dir='ltr'>actu.</span> 
     </span>
    </p>

    <p class='ocr_par' dir='ltr' id='par_1_5' title="bbox 297 1438 1153 1522">
     <span class='ocr_line' id='line_1_10' title="bbox 297 1438 1153 1522; baseline -0.006 -17"><span class='ocrx_word' id='word_1_58' title='bbox 297 1441 502 1522; x_wconf 79' lang='lat' dir='ltr'>Vituperans]</span> <span class='ocrx_word' id='word_1_59' title='bbox 528 1462 587 1522; x_wconf 83' lang='lat' dir='ltr'>ego</span> <span class='ocrx_word' id='word_1_60' title='bbox 610 1452 643 1503; x_wconf 83' lang='lat' dir='ltr'>te</span> <span class='ocrx_word' id='word_1_61' title='bbox 666 1452 835 1518; x_wconf 70' lang='lat' dir='ltr'>cedentem,</span> <span class='ocrx_word' id='word_1_62' title='bbox 860 1439 969 1517; x_wconf 78' lang='lat' dir='ltr'>Sexte,</span> <span class='ocrx_word' id='word_1_63' title='bbox 992 1438 1153 1502; x_wconf 63' lang='lat' dir='ltr'>verebor?</span> 
     </span>
    </p>

    <p class='ocr_par' dir='ltr' id='par_1_6' title="bbox 181 1540 1305 2588">
     <span class='ocr_line' id='line_1_11' title="bbox 272 1540 1302 1628; baseline -0.007 -18"><span class='ocrx_word' id='word_1_64' title='bbox 272 1544 416 1625; x_wconf 83' lang='lat' dir='ltr'>Qualium</span> <span class='ocrx_word' id='word_1_65' title='bbox 441 1564 566 1628; x_wconf 89' lang='lat' dir='ltr'>operum</span> <span class='ocrx_word' id='word_1_66' title='bbox 589 1545 622 1608; x_wconf 92' lang='lat' dir='ltr'>in</span> <span class='ocrx_word' id='word_1_67' title='bbox 644 1563 808 1609; x_wconf 88' lang='lat' dir='ltr'>numerum</span> <span class='ocrx_word' id='word_1_68' title='bbox 831 1545 936 1609; x_wconf 87' lang='lat' dir='ltr'>utrum</span> <span class='ocrx_word' id='word_1_69' title='bbox 952 1544 1127 1610; x_wconf 89' lang='lat' dir='ltr'>referendus</span> <span class='ocrx_word' id='word_1_70' title='bbox 1143 1540 1184 1606; x_wconf 93' lang='lat' dir='ltr'>sit</span> <span class='ocrx_word' id='word_1_71' title='bbox 1198 1559 1302 1606; x_wconf 85' lang='lat' dir='ltr'>versus</span> 
     </span>
     <span class='ocr_line' id='line_1_12' title="bbox 182 1646 1302 1734; baseline -0.004 -18"><span class='ocrx_word' id='word_1_72' title='bbox 182 1653 294 1734; x_wconf 90' lang='lat' dir='ltr'>aliquis</span> <span class='ocrx_word' id='word_1_73' title='bbox 317 1673 425 1731; x_wconf 92' lang='lat' dir='ltr'>necne,</span> <span class='ocrx_word' id='word_1_74' title='bbox 457 1672 528 1717; x_wconf 90' lang='lat' dir='ltr'>oum</span> <span class='ocrx_word' id='word_1_75' title='bbox 558 1671 682 1734; x_wconf 90' lang='lat' dir='ltr'>perraro</span> <span class='ocrx_word' id='word_1_76' title='bbox 711 1653 777 1717; x_wconf 90' lang='lat' dir='ltr'>tam</span> <span class='ocrx_word' id='word_1_77' title='bbox 812 1652 902 1718; x_wconf 90' lang='lat' dir='ltr'>facile</span> <span class='ocrx_word' id='word_1_78' title='bbox 930 1653 967 1717; x_wconf 89' lang='lat' dir='ltr'>ut</span> <span class='ocrx_word' id='word_1_79' title='bbox 989 1653 1020 1720; x_wconf 92' lang='lat' dir='ltr'>h.</span> <span class='ocrx_word' id='word_1_80' title='bbox 1042 1651 1064 1722; x_wconf 92' lang='lat' dir='ltr'>l.</span> <span class='ocrx_word' id='word_1_81' title='bbox 1088 1646 1302 1734; x_wconf 78' lang='lat' dir='ltr'>perspiciatur,</span> 
     </span>
     <span class='ocr_line' id='line_1_13' title="bbox 182 1755 1302 1842; baseline -0.004 -18"><span class='ocrx_word' id='word_1_82' title='bbox 182 1761 254 1842; x_wconf 90' lang='lat' dir='ltr'>quia</span> <span class='ocrx_word' id='word_1_83' title='bbox 278 1764 309 1826; x_wconf 90' lang='lat' dir='ltr'>et</span> <span class='ocrx_word' id='word_1_84' title='bbox 331 1760 362 1824; x_wconf 91' lang='lat' dir='ltr'>in</span> <span class='ocrx_word' id='word_1_85' title='bbox 387 1760 540 1842; x_wconf 91' lang='lat' dir='ltr'>optimum</span> <span class='ocrx_word' id='word_1_86' title='bbox 568 1778 721 1840; x_wconf 88' lang='lat' dir='ltr'>quemque</span> <span class='ocrx_word' id='word_1_87' title='bbox 752 1759 888 1825; x_wconf 91' lang='lat' dir='ltr'>codicem</span> <span class='ocrx_word' id='word_1_88' title='bbox 916 1758 1066 1824; x_wconf 91' lang='lat' dir='ltr'>eiusmodi</span> <span class='ocrx_word' id='word_1_89' title='bbox 1088 1755 1302 1823; x_wconf 85' lang='lat' dir='ltr'>additamenta</span> 
     </span>
     <span class='ocr_line' id='line_1_14' title="bbox 181 1862 1302 1950; baseline -0.003 -20"><span class='ocrx_word' id='word_1_90' title='bbox 181 1868 384 1950; x_wconf 91' lang='lat' dir='ltr'>irrepserunt,</span> <span class='ocrx_word' id='word_1_91' title='bbox 412 1867 443 1930; x_wconf 85' lang='grc'>11</span> <span class='ocrx_word' id='word_1_92' title='bbox 469 1865 502 1930; x_wconf 91' lang='lat' dir='ltr'>in</span> <span class='ocrx_word' id='word_1_93' title='bbox 534 1867 646 1930; x_wconf 88' lang='lat' dir='ltr'>multos</span> <span class='ocrx_word' id='word_1_94' title='bbox 677 1866 772 1930; x_wconf 91' lang='lat' dir='ltr'>libros</span> <span class='ocrx_word' id='word_1_95' title='bbox 799 1865 908 1930; x_wconf 90' lang='lat' dir='ltr'>eadem</span> <span class='ocrx_word' id='word_1_96' title='bbox 931 1865 1132 1947; x_wconf 87' lang='lat' dir='ltr'>transscripta</span> <span class='ocrx_word' id='word_1_97' title='bbox 1154 1865 1245 1943; x_wconf 90' lang='lat' dir='ltr'>sunt,</span> <span class='ocrx_word' id='word_1_98' title='bbox 1270 1862 1302 1928; x_wconf 87' lang='lat' dir='ltr'>et</span> 
     </span>
     <span class='ocr_line' id='line_1_15' title="bbox 184 1968 1303 2055; baseline -0.004 -18"><span class='ocrx_word' id='word_1_99' title='bbox 184 1994 273 2055; x_wconf 83' lang='lat' dir='ltr'>saepe</span> <span class='ocrx_word' id='word_1_100' title='bbox 292 1968 432 2038; x_wconf 85' lang='lat' dir='ltr'>meliores</span> <span class='ocrx_word' id='word_1_101' title='bbox 449 1991 553 2036; x_wconf 89' lang='lat' dir='ltr'>versus</span> <span class='ocrx_word' id='word_1_102' title='bbox 576 1991 709 2055; x_wconf 83' lang='lat' dir='ltr'>pangere</span> <span class='ocrx_word' id='word_1_103' title='bbox 724 1972 959 2053; x_wconf 76' lang='lat' dir='ltr'>interpolatores</span> <span class='ocrx_word' id='word_1_104' title='bbox 975 1971 1157 2050; x_wconf 80' lang='lat' dir='ltr'>didicerant,</span> <span class='ocrx_word' id='word_1_105' title='bbox 1181 1989 1303 2035; x_wconf 90' lang='lat' dir='ltr'>summa</span> 
     </span>
     <span class='ocr_line' id='line_1_16' title="bbox 186 2076 1304 2162; baseline -0.002 -19"><span class='ocrx_word' id='word_1_106' title='bbox 186 2099 262 2162; x_wconf 91' lang='lat' dir='ltr'>opus</span> <span class='ocrx_word' id='word_1_107' title='bbox 276 2081 322 2143; x_wconf 92' lang='lat' dir='ltr'>est</span> <span class='ocrx_word' id='word_1_108' title='bbox 335 2079 485 2155; x_wconf 86' lang='lat' dir='ltr'>cautione,</span> <span class='ocrx_word' id='word_1_109' title='bbox 501 2079 603 2141; x_wconf 89' lang='grc'>1111111</span> <span class='ocrx_word' id='word_1_110' title='bbox 614 2077 715 2159; x_wconf 89' lang='lat' dir='ltr'>ipsum</span> <span class='ocrx_word' id='word_1_111' title='bbox 732 2079 854 2160; x_wconf 90' lang='lat' dir='ltr'>poetam</span> <span class='ocrx_word' id='word_1_112' title='bbox 871 2079 1030 2162; x_wconf 83' lang='lat' dir='ltr'>corrigere,</span> <span class='ocrx_word' id='word_1_113' title='bbox 1047 2079 1103 2142; x_wconf 87' lang='lat' dir='ltr'>aut</span> <span class='ocrx_word' id='word_1_114' title='bbox 1118 2076 1304 2143; x_wconf 90' lang='lat' dir='ltr'>adulterinos</span> 
     </span>
     <span class='ocr_line' id='line_1_17' title="bbox 188 2184 1305 2269; baseline -0.001 -19"><span class='ocrx_word' id='word_1_115' title='bbox 188 2205 290 2250; x_wconf 87' lang='lat' dir='ltr'>versus</span> <span class='ocrx_word' id='word_1_116' title='bbox 305 2185 450 2269; x_wconf 86' lang='lat' dir='ltr'>genuinos</span> <span class='ocrx_word' id='word_1_117' title='bbox 464 2185 599 2249; x_wconf 87' lang='lat' dir='ltr'>iudicare</span> <span class='ocrx_word' id='word_1_118' title='bbox 614 2184 785 2252; x_wconf 90' lang='lat' dir='ltr'>videamur.</span> <span class='ocrx_word' id='word_1_119' title='bbox 832 2184 932 2250; x_wconf 81' lang='lat' dir='ltr'>Hodie</span> <span class='ocrx_word' id='word_1_120' title='bbox 947 2186 980 2249; x_wconf 94' lang='lat' dir='ltr'>id</span> <span class='ocrx_word' id='word_1_121' title='bbox 995 2185 1189 2266; x_wconf 86' lang='lat' dir='ltr'>potissimum</span> <span class='ocrx_word' id='word_1_122' title='bbox 1209 2187 1305 2269; x_wconf 86' lang='lat' dir='ltr'>agunt</span> 
     </span>
     <span class='ocr_line' id='line_1_18' title="bbox 185 2290 1305 2372; baseline 0.002 -16"><span class='ocrx_word' id='word_1_123' title='bbox 185 2291 299 2368; x_wconf 86' lang='lat' dir='ltr'>critici,</span> <span class='ocrx_word' id='word_1_124' title='bbox 335 2311 374 2357; x_wconf 90' lang='lat' dir='ltr'>ne</span> <span class='ocrx_word' id='word_1_125' title='bbox 406 2291 506 2355; x_wconf 90' lang='lat' dir='ltr'>ullum</span> <span class='ocrx_word' id='word_1_126' title='bbox 539 2309 677 2368; x_wconf 84' lang='lat' dir='ltr'>versum,</span> <span class='ocrx_word' id='word_1_127' title='bbox 713 2291 766 2372; x_wconf 93' lang='lat' dir='ltr'>qui</span> <span class='ocrx_word' id='word_1_128' title='bbox 797 2290 922 2372; x_wconf 89' lang='lat' dir='ltr'>quidem</span> <span class='ocrx_word' id='word_1_129' title='bbox 957 2292 1146 2356; x_wconf 89' lang='lat' dir='ltr'>levissimam</span> <span class='ocrx_word' id='word_1_130' title='bbox 1183 2295 1305 2358; x_wconf 86' lang='lat' dir='ltr'>moveat</span> 
     </span>
     <span class='ocr_line' id='line_1_19' title="bbox 183 2397 1305 2488; baseline 0.001 -26"><span class='ocrx_word' id='word_1_131' title='bbox 183 2399 400 2482; x_wconf 85' lang='lat' dir='ltr'>suspicionem,</span> <span class='ocrx_word' id='word_1_132' title='bbox 427 2398 459 2462; x_wconf 90' lang='lat' dir='ltr'>in</span> <span class='ocrx_word' id='word_1_133' title='bbox 483 2399 603 2462; x_wconf 84' lang='lat' dir='ltr'>textum</span> <span class='ocrx_word' id='word_1_134' title='bbox 626 2397 795 2483; x_wconf 82' lang='lat' dir='ltr'>recipiant3</span> <span class='ocrx_word' id='word_1_135' title='bbox 827 2399 918 2480; x_wconf 88' lang='lat' dir='ltr'>plane</span> <span class='ocrx_word' id='word_1_136' title='bbox 941 2398 1109 2488; x_wconf 25' lang='lat' dir='ltr'>&#39;negligunt</span> <span class='ocrx_word' id='word_1_137' title='bbox 1132 2399 1305 2465; x_wconf 83' lang='lat' dir='ltr'>cautionem</span> 
     </span>
     <span class='ocr_line' id='line_1_20' title="bbox 184 2504 1219 2588; baseline 0.006 -20"><span class='ocrx_word' id='word_1_138' title='bbox 184 2506 284 2585; x_wconf 87' lang='lat' dir='ltr'>illam,</span> <span class='ocrx_word' id='word_1_139' title='bbox 311 2524 371 2586; x_wconf 92' lang='lat' dir='ltr'>qua</span> <span class='ocrx_word' id='word_1_140' title='bbox 394 2504 612 2587; x_wconf 82' lang='lat' dir='ltr'>impediantur,</span> <span class='ocrx_word' id='word_1_141' title='bbox 636 2523 673 2568; x_wconf 92' lang='grc'>111</span> <span class='ocrx_word' id='word_1_142' title='bbox 695 2504 816 2586; x_wconf 89' lang='lat' dir='ltr'>privent</span> <span class='ocrx_word' id='word_1_143' title='bbox 839 2507 962 2588; x_wconf 85' lang='lat' dir='ltr'>poetam</span> <span class='ocrx_word' id='word_1_144' title='bbox 987 2506 1049 2570; x_wconf 90' lang='lat' dir='ltr'>suis</span> <span class='ocrx_word' id='word_1_145' title='bbox 1072 2506 1219 2575; x_wconf 83' lang='lat' dir='ltr'>versibus.</span> 
     </span>
    </p>

    <p class='ocr_par' dir='ltr' id='par_1_7' title="bbox 181 2611 1306 3763">
     <span class='ocr_line' id='line_1_21' title="bbox 279 2611 1304 2695; baseline 0.003 -20"><span class='ocrx_word' id='word_1_146' title='bbox 279 2614 316 2676; x_wconf 82' lang='lat' dir='ltr'>ua</span> <span class='ocrx_word' id='word_1_147' title='bbox 339 2611 504 2695; x_wconf 86' lang='lat' dir='ltr'>diligenter</span> <span class='ocrx_word' id='word_1_148' title='bbox 527 2612 551 2675; x_wconf 91' lang='lat' dir='ltr'>si</span> <span class='ocrx_word' id='word_1_149' title='bbox 576 2613 800 2693; x_wconf 87' lang='lat' dir='ltr'>comparaveris</span> <span class='ocrx_word' id='word_1_150' title='bbox 828 2613 909 2678; x_wconf 91' lang='lat' dir='ltr'>inter</span> <span class='ocrx_word' id='word_1_151' title='bbox 932 2633 963 2678; x_wconf 93' lang='lat' dir='ltr'>se</span> <span class='ocrx_word' id='word_1_152' title='bbox 986 2613 1122 2678; x_wconf 89' lang='lat' dir='ltr'>virorum</span> <span class='ocrx_word' id='word_1_153' title='bbox 1146 2612 1304 2679; x_wconf 88' lang='lat' dir='ltr'>doctorum</span> 
     </span>
     <span class='ocr_line' id='line_1_22' title="bbox 181 2718 1304 2806; baseline 0.002 -23"><span class='ocrx_word' id='word_1_154' title='bbox 181 2718 306 2797; x_wconf 87' lang='lat' dir='ltr'>iudicia,</span> <span class='ocrx_word' id='word_1_155' title='bbox 330 2719 420 2783; x_wconf 83' lang='lat' dir='ltr'>facile</span> <span class='ocrx_word' id='word_1_156' title='bbox 444 2718 605 2796; x_wconf 87' lang='lat' dir='ltr'>concedes,</span> <span class='ocrx_word' id='word_1_157' title='bbox 640 2720 671 2783; x_wconf 92' lang='lat' dir='ltr'>in</span> <span class='ocrx_word' id='word_1_158' title='bbox 694 2739 806 2806; x_wconf 85' lang='lat' dir='ltr'>magno</span> <span class='ocrx_word' id='word_1_159' title='bbox 831 2739 950 2798; x_wconf 88' lang='lat' dir='ltr'>eorum,</span> <span class='ocrx_word' id='word_1_160' title='bbox 986 2720 1036 2801; x_wconf 93' lang='lat' dir='ltr'>qui</span> <span class='ocrx_word' id='word_1_161' title='bbox 1060 2720 1131 2784; x_wconf 92' lang='lat' dir='ltr'>inde</span> <span class='ocrx_word' id='word_1_162' title='bbox 1154 2721 1192 2784; x_wconf 89' lang='lat' dir='ltr'>ab</span> <span class='ocrx_word' id='word_1_163' title='bbox 1214 2719 1304 2785; x_wconf 91' lang='lat' dir='ltr'>initio</span> 
     </span>
     <span class='ocr_line' id='line_1_23' title="bbox 183 2824 1305 2908; baseline 0.003 -19"><span class='ocrx_word' id='word_1_164' title='bbox 183 2826 274 2890; x_wconf 89' lang='lat' dir='ltr'>huius</span> <span class='ocrx_word' id='word_1_165' title='bbox 308 2824 418 2890; x_wconf 86' lang='lat' dir='ltr'>aetatis</span> <span class='ocrx_word' id='word_1_166' title='bbox 452 2827 483 2890; x_wconf 94' lang='lat' dir='ltr'>in</span> <span class='ocrx_word' id='word_1_167' title='bbox 517 2826 717 2908; x_wconf 87' lang='lat' dir='ltr'>suspicionem</span> <span class='ocrx_word' id='word_1_168' title='bbox 753 2828 854 2893; x_wconf 87' lang='lat' dir='ltr'>vocati</span> <span class='ocrx_word' id='word_1_169' title='bbox 886 2830 972 2905; x_wconf 90' lang='lat' dir='ltr'>sunt,</span> <span class='ocrx_word' id='word_1_170' title='bbox 1004 2846 1147 2891; x_wconf 91' lang='lat' dir='ltr'>versuum</span> <span class='ocrx_word' id='word_1_171' title='bbox 1180 2847 1305 2892; x_wconf 91' lang='lat' dir='ltr'>numero</span> 
     </span>
     <span class='ocr_line' id='line_1_24' title="bbox 183 2931 1305 3014; baseline 0.004 -20"><span class='ocrx_word' id='word_1_172' title='bbox 183 2931 316 2995; x_wconf 90' lang='lat' dir='ltr'>inveniri</span> <span class='ocrx_word' id='word_1_173' title='bbox 339 2951 517 3012; x_wconf 72' lang='lat' dir='ltr'>perpaucos</span> <span class='ocrx_word' id='word_1_174' title='bbox 543 2933 580 2996; x_wconf 92' lang='lat' dir='ltr'>de</span> <span class='ocrx_word' id='word_1_175' title='bbox 605 2933 716 3014; x_wconf 89' lang='lat' dir='ltr'>quihus</span> <span class='ocrx_word' id='word_1_176' title='bbox 739 2953 777 2997; x_wconf 92' lang='lat' dir='ltr'>ne</span> <span class='ocrx_word' id='word_1_177' title='bbox 801 2933 961 2997; x_wconf 82' lang='lat' dir='ltr'>clarissimi</span> <span class='ocrx_word' id='word_1_178' title='bbox 978 2932 1102 3013; x_wconf 90' lang='lat' dir='ltr'>quidem</span> <span class='ocrx_word' id='word_1_179' title='bbox 1127 2933 1224 2997; x_wconf 87' lang='lat' dir='ltr'>critici</span> <span class='ocrx_word' id='word_1_180' title='bbox 1247 2954 1305 2999; x_wconf 93' lang='lat' dir='ltr'>non</span> 
     </span>
     <span class='ocr_line' id='line_1_25' title="bbox 185 3037 1305 3120; baseline 0.004 -20"><span class='ocrx_word' id='word_1_181' title='bbox 185 3037 378 3105; x_wconf 86' lang='lat' dir='ltr'>dissentiant.</span> <span class='ocrx_word' id='word_1_182' title='bbox 423 3038 548 3113; x_wconf 86' lang='lat' dir='ltr'>,lllatos</span> <span class='ocrx_word' id='word_1_183' title='bbox 566 3057 640 3117; x_wconf 86' lang='lat' dir='ltr'>esse,</span> <span class='ocrx_word' id='word_1_184' title='bbox 665 3039 696 3102; x_wconf 93' lang='lat' dir='ltr'>in</span> <span class='ocrx_word' id='word_1_185' title='bbox 714 3039 783 3120; x_wconf 92' lang='lat' dir='ltr'>quit</span> <span class='ocrx_word' id='word_1_186' title='bbox 799 3038 933 3116; x_wconf 89' lang='lat' dir='ltr'>Iahnius,</span> <span class='ocrx_word' id='word_1_187' title='bbox 957 3038 989 3102; x_wconf 92' lang='lat' dir='ltr'>in</span> <span class='ocrx_word' id='word_1_188' title='bbox 1009 3038 1032 3106; x_wconf 85' lang='lat' dir='ltr'>l.</span> <span class='ocrx_word' id='word_1_189' title='bbox 1057 3039 1177 3103; x_wconf 87' lang='lat' dir='ltr'>saturas</span> <span class='ocrx_word' id='word_1_190' title='bbox 1200 3059 1305 3104; x_wconf 90' lang='lat' dir='ltr'>versus</span> 
     </span>
     <span class='ocr_line' id='line_1_26' title="bbox 184 3144 1305 3226; baseline 0.002 -19"><span class='ocrx_word' id='word_1_191' title='bbox 184 3145 312 3226; x_wconf 85' lang='lat' dir='ltr'>abipso</span> <span class='ocrx_word' id='word_1_192' title='bbox 342 3162 399 3207; x_wconf 89' lang='lat' dir='ltr'>non</span> <span class='ocrx_word' id='word_1_193' title='bbox 428 3144 557 3225; x_wconf 85' lang='lat' dir='ltr'>scriptos</span> <span class='ocrx_word' id='word_1_194' title='bbox 587 3163 691 3208; x_wconf 90' lang='lat' dir='ltr'>omnes</span> <span class='ocrx_word' id='word_1_195' title='bbox 718 3145 782 3209; x_wconf 89' lang='lat' dir='ltr'>ianr</span> <span class='ocrx_word' id='word_1_196' title='bbox 810 3145 1015 3223; x_wconf 90' lang='lat' dir='ltr'>consentiunt,</span> <span class='ocrx_word' id='word_1_197' title='bbox 1049 3164 1157 3209; x_wconf 88' lang='lat' dir='ltr'>verum</span> <span class='ocrx_word' id='word_1_198' title='bbox 1185 3145 1238 3210; x_wconf 90' lang='lat' dir='ltr'>ubi</span> <span class='ocrx_word' id='word_1_199' title='bbox 1266 3145 1305 3209; x_wconf 88' lang='lat' dir='ltr'>ad</span> 
     </span>
     <span class='ocr_line' id='line_1_27' title="bbox 185 3249 1306 3334; baseline 0 -19"><span class='ocrx_word' id='word_1_200' title='bbox 185 3251 320 3334; x_wconf 85' lang='lat' dir='ltr'>singulos</span> <span class='ocrx_word' id='word_1_201' title='bbox 343 3269 448 3314; x_wconf 90' lang='lat' dir='ltr'>versus</span> <span class='ocrx_word' id='word_1_202' title='bbox 472 3249 677 3323; x_wconf 88' lang='lat' dir='ltr'>aestimandos</span> <span class='ocrx_word' id='word_1_203' title='bbox 705 3251 831 3315; x_wconf 86' lang='lat' dir='ltr'>ventum</span> <span class='ocrx_word' id='word_1_204' title='bbox 856 3251 916 3331; x_wconf 92' lang='lat' dir='ltr'>est,</span> <span class='ocrx_word' id='word_1_205' title='bbox 950 3251 1136 3315; x_wconf 88' lang='lat' dir='ltr'>dissentiunt</span> <span class='ocrx_word' id='word_1_206' title='bbox 1168 3251 1306 3333; x_wconf 90' lang='lat' dir='ltr'>plerum-</span> 
     </span>
     <span class='ocr_line' id='line_1_28' title="bbox 186 3355 1303 3441; baseline 0.001 -19"><span class='ocrx_word' id='word_1_207' title='bbox 186 3364 273 3438; x_wconf 80' lang='lat' dir='ltr'>que.“</span> <span class='ocrx_word' id='word_1_208' title='bbox 326 3355 426 3436; x_wconf 80' lang='lat' dir='ltr'>Quam</span> <span class='ocrx_word' id='word_1_209' title='bbox 450 3377 515 3422; x_wconf 92' lang='lat' dir='ltr'>rern</span> <span class='ocrx_word' id='word_1_210' title='bbox 531 3376 677 3441; x_wconf 79' lang='lat' dir='ltr'>magnum</span> <span class='ocrx_word' id='word_1_211' title='bbox 693 3359 768 3439; x_wconf 87' lang='lat' dir='ltr'>puto</span> <span class='ocrx_word' id='word_1_212' title='bbox 791 3357 1003 3422; x_wconf 89' lang='lat' dir='ltr'>testimonium</span> <span class='ocrx_word' id='word_1_213' title='bbox 1028 3359 1104 3437; x_wconf 89' lang='lat' dir='ltr'>eius,</span> <span class='ocrx_word' id='word_1_214' title='bbox 1129 3378 1190 3440; x_wconf 91' lang='lat' dir='ltr'>qua</span> <span class='ocrx_word' id='word_1_215' title='bbox 1213 3359 1303 3423; x_wconf 86' lang='lat' dir='ltr'>mult&#39;</span> 
     </span>
     <span class='ocr_line' id='line_1_29' title="bbox 187 3464 1306 3543; baseline 0.002 -15"><span class='ocrx_word' id='word_1_216' title='bbox 187 3465 284 3528; x_wconf 87' lang='lat' dir='ltr'>critici</span> <span class='ocrx_word' id='word_1_217' title='bbox 307 3465 397 3529; x_wconf 92' lang='lat' dir='ltr'>hodie</span> <span class='ocrx_word' id='word_1_218' title='bbox 421 3465 572 3543; x_wconf 84' lang='lat' dir='ltr'>laborant,</span> <span class='ocrx_word' id='word_1_219' title='bbox 596 3464 818 3530; x_wconf 87' lang='lat' dir='ltr'>inconstantiae</span> <span class='ocrx_word' id='word_1_220' title='bbox 846 3467 878 3530; x_wconf 92' lang='grc'>11</span> <span class='ocrx_word' id='word_1_221' title='bbox 904 3465 1057 3534; x_wconf 84' lang='lat' dir='ltr'>licentiae.</span> <span class='ocrx_word' id='word_1_222' title='bbox 1105 3466 1195 3532; x_wconf 90' lang='lat' dir='ltr'>Unde</span> <span class='ocrx_word' id='word_1_223' title='bbox 1224 3466 1306 3531; x_wconf 88' lang='lat' dir='ltr'>enim</span> 
     </span>
     <span class='ocr_line' id='line_1_30' title="bbox 184 3570 1305 3655; baseline 0.003 -22"><span class='ocrx_word' id='word_1_224' title='bbox 184 3589 324 3635; x_wconf 90' lang='lat' dir='ltr'>manasse</span> <span class='ocrx_word' id='word_1_225' title='bbox 348 3573 438 3653; x_wconf 90' lang='lat' dir='ltr'>putes</span> <span class='ocrx_word' id='word_1_226' title='bbox 461 3571 635 3636; x_wconf 88' lang='lat' dir='ltr'>dissensum</span> <span class='ocrx_word' id='word_1_227' title='bbox 658 3571 763 3650; x_wconf 90' lang='lat' dir='ltr'>istum,</span> <span class='ocrx_word' id='word_1_228' title='bbox 787 3571 847 3636; x_wconf 89' lang='lat' dir='ltr'>nisi</span> <span class='ocrx_word' id='word_1_229' title='bbox 870 3570 941 3636; x_wconf 94' lang='lat' dir='ltr'>inde</span> <span class='ocrx_word' id='word_1_230' title='bbox 965 3572 1046 3653; x_wconf 94' lang='lat' dir='ltr'>quod</span> <span class='ocrx_word' id='word_1_231' title='bbox 1061 3591 1152 3637; x_wconf 91' lang='lat' dir='ltr'>suum</span> <span class='ocrx_word' id='word_1_232' title='bbox 1176 3572 1305 3655; x_wconf 92' lang='lat' dir='ltr'>quisque</span> 
     </span>
     <span class='ocr_line' id='line_1_31' title="bbox 187 3675 1306 3763; baseline 0.003 -24"><span class='ocrx_word' id='word_1_233' title='bbox 187 3675 350 3740; x_wconf 86' lang='lat' dir='ltr'>arbitrium</span> <span class='ocrx_word' id='word_1_234' title='bbox 373 3679 470 3742; x_wconf 88' lang='lat' dir='ltr'>secuti</span> <span class='ocrx_word' id='word_1_235' title='bbox 494 3681 592 3743; x_wconf 86' lang='lat' dir='ltr'>certas</span> <span class='ocrx_word' id='word_1_236' title='bbox 614 3677 680 3742; x_wconf 91' lang='lat' dir='ltr'>sani</span> <span class='ocrx_word' id='word_1_237' title='bbox 702 3679 809 3743; x_wconf 90' lang='lat' dir='ltr'>iudicii</span> <span class='ocrx_word' id='word_1_238' title='bbox 831 3678 916 3763; x_wconf 84' lang='lat' dir='ltr'>leges</span> <span class='ocrx_word' id='word_1_239' title='bbox 946 3677 1044 3745; x_wconf 89' lang='lat' dir='ltr'>critici</span> <span class='ocrx_word' id='word_1_240' title='bbox 1067 3679 1154 3762; x_wconf 89' lang='lat' dir='ltr'>sequi</span> <span class='ocrx_word' id='word_1_241' title='bbox 1176 3678 1306 3744; x_wconf 80' lang='lat' dir='ltr'>nolunt?</span> 
     </span>
    </p>

    <p class='ocr_par' dir='ltr' id='par_1_8' title="bbox 182 3782 1307 4383">
     <span class='ocr_line' id='line_1_32' title="bbox 274 3782 1307 3868; baseline 0.005 -23"><span class='ocrx_word' id='word_1_242' title='bbox 274 3782 531 3848; x_wconf 86' lang='lat' dir='ltr'>Proficiscendum</span> <span class='ocrx_word' id='word_1_243' title='bbox 565 3785 612 3849; x_wconf 91' lang='lat' dir='ltr'>est</span> <span class='ocrx_word' id='word_1_244' title='bbox 645 3785 739 3850; x_wconf 89' lang='lat' dir='ltr'>etiam</span> <span class='ocrx_word' id='word_1_245' title='bbox 781 3785 813 3849; x_wconf 93' lang='lat' dir='ltr'>in</span> <span class='ocrx_word' id='word_1_246' title='bbox 846 3785 904 3850; x_wconf 91' lang='lat' dir='ltr'>hac</span> <span class='ocrx_word' id='word_1_247' title='bbox 942 3785 980 3852; x_wconf 94' lang='lat' dir='ltr'>de</span> <span class='ocrx_word' id='word_1_248' title='bbox 1019 3785 1157 3851; x_wconf 87' lang='lat' dir='ltr'>versibus</span> <span class='ocrx_word' id='word_1_249' title='bbox 1195 3785 1307 3868; x_wconf 86' lang='lat' dir='ltr'>spuriis</span> 
     </span>
     <span class='ocr_line' id='line_1_33' title="bbox 187 3888 1305 3972; baseline 0.004 -20"><span class='ocrx_word' id='word_1_250' title='bbox 187 3888 365 3970; x_wconf 90' lang='lat' dir='ltr'>quaestione</span> <span class='ocrx_word' id='word_1_251' title='bbox 390 3889 588 3969; x_wconf 77' lang='lat' dir='ltr'>acodicibus</span> <span class='ocrx_word' id='word_1_252' title='bbox 612 3891 745 3969; x_wconf 90' lang='lat' dir='ltr'>scholiis,</span> <span class='ocrx_word' id='word_1_253' title='bbox 769 3893 909 3958; x_wconf 85' lang='lat' dir='ltr'>veterum</span> <span class='ocrx_word' id='word_1_254' title='bbox 924 3893 1118 3962; x_wconf 91' lang='lat' dir='ltr'>testimoniis.</span> <span class='ocrx_word' id='word_1_255' title='bbox 1167 3890 1305 3972; x_wconf 81' lang='lat' dir='ltr'>Quorum</span> 
     </span>
     <span class='ocr_line' id='line_1_34' title="bbox 187 3988 1307 4085; baseline 0.004 -25"><span class='ocrx_word' id='word_1_256' title='bbox 187 3988 372 4077; x_wconf 87' lang='lat' dir='ltr'>quantulum</span> <span class='ocrx_word' id='word_1_257' title='bbox 396 3994 436 4059; x_wconf 87' lang='lat' dir='ltr'>sit</span> <span class='ocrx_word' id='word_1_258' title='bbox 459 3995 517 4059; x_wconf 88' lang='lat' dir='ltr'>hac</span> <span class='ocrx_word' id='word_1_259' title='bbox 541 3996 666 4076; x_wconf 91' lang='lat' dir='ltr'>quidem</span> <span class='ocrx_word' id='word_1_260' title='bbox 689 3998 773 4085; x_wconf 82' lang='lat' dir='ltr'>inre</span> <span class='ocrx_word' id='word_1_261' title='bbox 797 4000 924 4082; x_wconf 91' lang='lat' dir='ltr'>pondus,</span> <span class='ocrx_word' id='word_1_262' title='bbox 948 4001 1023 4066; x_wconf 88' lang='lat' dir='ltr'>satis</span> <span class='ocrx_word' id='word_1_263' title='bbox 1048 4000 1186 4084; x_wconf 82' lang='lat' dir='ltr'>exposuit</span> <span class='ocrx_word' id='word_1_264' title='bbox 1200 4000 1307 4082; x_wconf 86' lang='lat' dir='ltr'>Lupus</span> 
     </span>
     <span class='ocr_line' id='line_1_35' title="bbox 182 4100 1305 4190; baseline 0.003 -23"><span class='ocrx_word' id='word_1_265' title='bbox 182 4122 215 4184; x_wconf 91' lang='lat' dir='ltr'>p.</span> <span class='ocrx_word' id='word_1_266' title='bbox 234 4105 286 4181; x_wconf 81' lang='lat'>25,</span> <span class='ocrx_word' id='word_1_267' title='bbox 305 4102 359 4184; x_wconf 92' lang='lat' dir='ltr'>qui</span> <span class='ocrx_word' id='word_1_268' title='bbox 376 4100 450 4182; x_wconf 94' lang='lat' dir='ltr'>quid</span> <span class='ocrx_word' id='word_1_269' title='bbox 466 4101 595 4167; x_wconf 92' lang='lat' dir='ltr'>sentiret</span> <span class='ocrx_word' id='word_1_270' title='bbox 609 4103 640 4167; x_wconf 92' lang='lat' dir='ltr'>in</span> <span class='ocrx_word' id='word_1_271' title='bbox 656 4124 752 4169; x_wconf 90' lang='lat' dir='ltr'>unum</span> <span class='ocrx_word' id='word_1_272' title='bbox 765 4106 865 4190; x_wconf 83' lang='lat' dir='ltr'>coegit</span> <span class='ocrx_word' id='word_1_273' title='bbox 878 4106 927 4170; x_wconf 92' lang='lat' dir='ltr'>his</span> <span class='ocrx_word' id='word_1_274' title='bbox 942 4106 1057 4174; x_wconf 86' lang='lat' dir='ltr'>verbis:</span> <span class='ocrx_word' id='word_1_275' title='bbox 1086 4109 1141 4183; x_wconf 93' lang='lat' dir='ltr'>,ut</span> <span class='ocrx_word' id='word_1_276' title='bbox 1156 4107 1305 4186; x_wconf 85' lang='lat' dir='ltr'>codicum,</span> 
     </span>
     <span class='ocr_line' id='line_1_36' title="bbox 186 4208 1306 4293; baseline 0.005 -22"><span class='ocrx_word' id='word_1_277' title='bbox 186 4208 231 4273; x_wconf 87' lang='lat' dir='ltr'>ita</span> <span class='ocrx_word' id='word_1_278' title='bbox 259 4208 442 4274; x_wconf 90' lang='lat' dir='ltr'>scholiorum</span> <span class='ocrx_word' id='word_1_279' title='bbox 476 4209 508 4272; x_wconf 89' lang='grc'>11</span> <span class='ocrx_word' id='word_1_280' title='bbox 537 4210 811 4292; x_wconf 86' lang='lat' dir='ltr'>grammaticorum</span> <span class='ocrx_word' id='word_1_281' title='bbox 839 4211 951 4276; x_wconf 84' lang='lat' dir='ltr'>auxilio</span> <span class='ocrx_word' id='word_1_282' title='bbox 980 4212 1013 4276; x_wconf 92' lang='lat' dir='ltr'>in</span> <span class='ocrx_word' id='word_1_283' title='bbox 1041 4213 1100 4276; x_wconf 87' lang='lat' dir='ltr'>hac</span> <span class='ocrx_word' id='word_1_284' title='bbox 1127 4213 1306 4293; x_wconf 86' lang='lat' dir='ltr'>quaestione</span> 
     </span>
     <span class='ocr_line' id='line_1_37' title="bbox 186 4313 485 4383; baseline 0.003 -5"><span class='ocrx_word' id='word_1_285' title='bbox 186 4313 326 4380; x_wconf 86' lang='lat' dir='ltr'>destituti</span> <span class='ocrx_word' id='word_1_286' title='bbox 350 4319 485 4383; x_wconf 78' lang='lat' dir='ltr'>sumns.“</span> 
     </span>
    </p>
   </div>
   <div class='ocr_carea' id='block_1_3' title="bbox 0 0 1536 4666">
    <p class='ocr_par' dir='ltr' id='par_1_9' title="bbox 0 0 1536 4666">
     <span class='ocr_line' id='line_1_38' title="bbox 0 0 1536 4666; baseline 0 0"><span class='ocrx_word' id='word_1_287' title='bbox 0 0 1536 4666; x_wconf 95' lang='lat' dir='ltr'> </span> 
     </span>
    </p>
   </div>
  </div>
 </body>
</html>
