3052 4666
721 375 870 437 „7-

235 552 340 615 utrum
366 551 460 615 fucrit
475 551 649 632 aequalium
672 552 794 630 similis,
818 572 856 616 an
881 553 924 616 eis
939 551 1084 634 superior.
1131 552 1351 616 arduennae

236 658 404 738 specimina
437 661 472 723 ut
500 659 602 721 rhetor
630 659 782 723 Iuvenalis
816 660 942 742 praebet
977 659 1167 743 ubicunque3
1201 657 1232 721 in
1260 659 1352 723 rebus

237 766 338 828 cirtem
374 765 412 827 ad
449 767 592 828 naturam
625 784 785 847 moresque
820 765 1045 847 pertinentibus
1078 767 1161 829 totus
1197 765 1244 828 est
1278 783 1351 828 suae

236 871 356 938 aetatis.
383 870 547 952 Compares
571 891 639 935 cum
665 891 756 935 versu
779 872 864 949 VIII,
893 874 954 936 199
978 872 1067 952 (haec
1089 871 1171 935 ultra
1195 871 1269 952 quid
1294 870 1352 935 crit

237 978 293 1040 nisi
316 978 439 1059 IudusP)
465 998 500 1042 ea
516 997 593 1059 quae
609 978 796 1042 antecedunt
820 981 852 1042 et
873 979 1052 1059 sequuntur,
1065 1059 1067 1063 y
1078 981 1110 1042 et
1125 977 1195 1041 vide
1212 977 1252 1042 sis
1273 996 1351 1059 quae

234 1084 459 1166 disputavimus
483 1085 522 1148 ad
546 1104 650 1149 versus
674 1086 728 1162 VI,
754 1088 819 1151 335
832 1106 854 1152 s,

323 1192 415 1255 Patet
448 1211 505 1255 nou
540 1191 597 1255 nisi
625 1191 853 1255 accuratissime
881 1191 1100 1272 proprietatem
1125 1194 1233 1274 poetae
1257 1195 1370 1275 atque

234 1298 365 1360 iudolem
408 1300 477 1360 ante
513 1299 615 1361 oculos
650 1299 888 1379 proponentibus
923 1299 1009 1362 nobis
1043 1299 1220 1381 contingere
1254 1317 1350 1380 posse,

234 1408 269 1468 ut
292 1405 474 1487 effugiamus
501 1424 571 1467 cum
599 1403 692 1481 illud,
722 1404 801 1485 quod
818 1403 934 1468 maiora
954 1405 1129 1485 quacrImus
1152 1406 1184 1468 in
1208 1405 1350 1487 operibus

235 1513 317 1589 eius,
354 1531 446 1593 quam
471 1530 549 1592 quae
576 1513 734 1591 praestare
762 1511 878 1593 potuit,
911 1512 980 1574 tum
1009 1510 1089 1574 iIIud
1120 1511 1201 1592 quod
1231 1512 1351 1577 nostrae

234 1618 310 1681 artis
334 1637 506 1681 successum
530 1618 670 1699 ponimus
694 1617 726 1680 in
749 1617 863 1681 blanda
882 1617 938 1681 iIIa
962 1636 1024 1700 spe,
1050 1636 1142 1700 quam
1167 1618 1352 1683 confidenter

233 1724 366 1788 ostendit
394 1724 550 1806 Gruppius
577 1724 669 1788 haece
700 1725 836 1791 Iocutus:
866 1744 920 1789 vor
947 1724 1040 1788 allem
1064 1725 1149 1789 baltc
1178 1744 1250 1789 man
1281 1725 1350 1806 fest,

234 1832 304 1894 dass
327 1831 357 1894 in
383 1831 557 1895 demselben
581 1831 703 1896 Mnasse
726 1832 782 1896 uic
806 1831 856 1895 dic
880 1831 956 1895 Zahl
980 1830 1035 1895 der
1050 1832 1146 1896 Versa
1170 1831 1351 1918 schwindet‚

234 1939 287 2001 der
320 1939 445 2001 Dichter
478 1957 515 2001 an
541 1937 650 2006 Grdsse
679 1937 742 2001 und
771 1937 956 2020 Bedcutung
986 1937 1130 2021 geuinnt.
1188 1936 1282 2016 Quasi
1318 1939 1351 2004 id

236 2044 468 2126 agendumst,
498 2047 532 2107 ut
561 2043 788 2127 exstinguendis
819 2045 849 2108 ct
878 2044 1014 2108 delendis
1037 2043 1121 2108 vitiis
1144 2046 1175 2108 et
1199 2045 1351 2110 erroribus

236 2170 392 2214 summum
422 2153 453 2213 et
477 2149 644 2231 perfectum
673 2149 826 2233 fingamus
853 2151 992 2231 poetam!
1039 2150 1136 2215 Nobis
1165 2152 1290 2232 quidem
1318 2152 1350 2216 id

236 2257 357 2321 videtur
381 2255 478 2319 critici
502 2274 576 2332 esse,
601 2256 696 2319 talem
722 2275 792 2320 eum
816 2276 992 2337 proponere,
1018 2256 1119 2338 qualis
1143 2259 1203 2323 esti
1248 2259 1289 2322 Et
1313 2278 1351 2323 ne

234 2382 395 2446 possumus
420 2361 555 2443 quidem,
580 2381 685 2426 verum
709 2361 734 2425 si
759 2362 944 2442 quaerimus,
970 2361 1061 2427 aliter
1075 2363 1220 2432 iudicare.
1267 2366 1350 2430 Nam

233 2472 286 2553 qui
310 2490 380 2533 cum
398 2468 535 2551 Gruppic
559 2470 658 2533 facere
682 2469 820 2532 animum
843 2468 1003 2547 inducunt,
1026 2469 1050 2532 ii
1066 2489 1125 2534 non
1142 2471 1351 2535 emendabunt

233 2579 372 2641 veterum
395 2595 503 2657 opera,
534 2574 723 2640 seducendo
747 2574 875 2639 secando
900 2575 1005 2656 qualia
1032 2578 1150 2640 veteres
1180 2595 1271 2657 opera
1295 2595 1350 2640 sua

234 2684 293 2764 ipsi
318 2683 472 2764 scripsisse
495 2683 606 2758 velint,
631 2682 708 2746 talia
732 2701 767 2746 ea
790 2681 916 2765 fingent.
963 2683 1072 2764 Neque
1095 2683 1128 2746 in
1151 2681 1269 2748 occulto
1293 2685 1349 2761 est,

232 2791 346 2854 versari
382 2789 557 2854 inlubrico
591 2789 643 2870 qui
676 2809 691 2852 e
721 2789 874 2853 mutilatis
910 2789 1052 2871 operibus
1086 2789 1172 2853 velut
1206 2810 1221 2854 c
1251 2791 1349 2856 cinere

232 2897 409 2978 phoenIcem
439 2897 561 2976 poetam
594 2897 773 2960 evadentem
800 2896 900 2959 facere
928 2895 1053 2960 student
1091 2897 1266 2973 clariorem,
1302 2899 1351 2961 sui

232 3002 352 3084 generis
376 3020 532 3064 summum
557 3004 648 3082 atque
673 3003 808 3065 unIcum.
856 3003 936 3066 Luce
958 3001 1080 3079 clarius,
1104 3003 1258 3067 aberrasse
1282 3004 1350 3069 iIIos

233 3131 250 3174 a
274 3127 354 3187 vino,
379 3108 605 3172 demonstratur
628 3109 710 3172 haud
734 3108 839 3189 paucis
861 3109 950 3187 Iocis
983 3108 1036 3190 qui
1059 3111 1114 3173 cut
1137 3110 1350 3175 emendatione

231 3217 348 3299 possint
371 3215 481 3290 sanari,
506 3215 560 3278 aut
583 3215 696 3278 rectius
713 3234 807 3296 quam
822 3215 861 3279 ab
884 3214 946 3278 illis
968 3215 1043 3295 ipsis
1067 3214 1220 3297 explicari.
1254 3217 1350 3281 Prae-

231 3342 359 3407 propere
392 3321 472 3385 eninr
501 3323 676 3402 spernentes
704 3321 806 3385 omnin
833 3339 924 3386 sanae
952 3320 1026 3384 aitis
1059 3322 1183 3386 criticae
1214 3322 1351 3387 subsidia

232 3430 393 3512 capiebant
426 3429 569 3493 cultrum.
631 3425 732 3505 Quies
765 3448 838 3491 num
873 3428 969 3492 bonus
1001 3427 1137 3492 medicus
1174 3428 1287 3492 dicitur
1313 3429 1349 3507 is,

233 3537 285 3616 qui
321 3537 423 3616 spreta
459 3534 602 3599 medendi
636 3536 701 3598 arte
735 3535 841 3598 statim
874 3554 932 3599 non
966 3535 1024 3598 nisi
1055 3534 1184 3619 secando
1217 3537 1349 3600 salutem

232 3642 395 3722 petendam
420 3661 482 3706 esse
507 3641 644 3706 iudicat?

322 3746 463 3811 IIIficitur
479 3768 514 3811 ex
530 3748 577 3811 his
602 3768 680 3829 quae
704 3747 847 3826 diximus
872 3747 1021 3812 eiusmodi
1044 3748 1192 3812 rationem
1211 3748 1349 3812 criticam

233 3853 318 3935 sequi
343 3872 400 3915 non
427 3853 526 3921 licere.
573 3854 639 3918 Nec
667 3854 768 3918 minus
796 3854 946 3931 efficitur,
975 3854 1247 3919 demonstrandum
1272 3874 1347 3934 esse,

234 3966 397 4042 autequam
425 3960 462 4024 dc
486 3960 618 4024 notanda
640 3961 876 4043 interpolatione
900 3962 1028 4045 cogites,
1057 3981 1116 4026 non
1140 3961 1197 4025 nisi
1220 3961 1349 4026 delendo

228 4069 328 4132 Iocum
364 4067 464 4130 sanari
509 4086 604 4148 posse.
652 4067 712 4132 Ubi
748 4088 818 4132 vero
858 4070 979 4133 subesse
1026 4069 1149 4134 uidetur
1186 4068 1349 4133 necessitas

232 4175 382 4255 quaedum
409 4174 539 4252 delendi,
564 4173 729 4238 uidendum
754 4178 812 4251 est,
836 4177 871 4238 ut
894 4175 986 4240 salvis
1010 4176 1053 4239 eis
1074 4195 1152 4257 quae
1176 4176 1255 4240 circa
1278 4179 1350 4241 sunt

232 4280 289 4350 fiac
312 4281 415 4351 sectio.
464 4280 621 4368 Imprimis
643 4281 740 4370 igitur
763 4300 882 4365 caveas,
906 4302 943 4349 ne
968 4282 1091 4351 delendi
1112 4303 1209 4350 causa
1226 4284 1359 4360 inissem
