3052 4666
679 363 786 425 -10
813 398 849 406 -.

202 513 374 577 conditione
399 515 568 596 disputavit
595 520 626 582 et
655 522 802 602 exposuit,
838 523 950 604 uirilius
975 525 1142 589 rationibus
1166 525 1204 589 ad
1228 526 1326 589 inter·

203 620 389 700 palationem
426 623 624 687 statuendam
664 627 876 694 anldneeretur.
947 634 992 695 xlc
1031 632 1164 713 primum
1201 631 1328 713 quidem

203 727 325 803 statuit,
349 727 473 791 inutilia
497 730 688 813 molestaque
724 756 789 798 esse
814 737 906 799 xerlm
943 757 981 813 ‚a
1005 758 1155 821 mangone
1179 739 1327 820 petitus“‚

203 853 297 914 qrrum
322 854 376 915 per
392 855 423 898 se
440 838 569 916 pateret,
592 859 720 919 prierum
737 842 908 925 Phrygium
925 847 980 907 aaut
997 845 1125 928 Lycium
1143 866 1160 908 a
1176 864 1327 928 mangone

202 959 266 1003 esse
301 941 474 1009 emendum.
535 946 577 1008 rit
611 947 737 1011 minime
760 951 864 1012 xerha
899 951 953 1014 illa
989 951 1147 1015 referenda
1184 954 1257 1016 sunt
1288 952 1327 1015 ad

204 1045 329 1129 „Phryx
345 1049 399 1111 aut
415 1049 557 1133 Lycius··‚
582 1052 613 1115 id
631 1055 711 1134 quod
736 1056 837 1120 elucet
853 1079 868 1120 e
884 1059 1014 1138 repetito
1038 1059 1185 1122 xomhulo
1211 1062 1325 1136 „non“‚

203 1151 255 1215 sed
279 1156 351 1217 srrnt
370 1158 534 1236 separatim
560 1162 591 1223 et
613 1162 773 1225 serihenda
790 1167 819 1226 et
836 1165 1048 1248 intelligenda,
1075 1165 1185 1245 (putus
1208 1165 1327 1246 copiose

203 1261 391 1340 exprimatur·
441 1267 624 1330 voeahulum
669 1270 822 1352 peregrini
866 1272 913 1335 xel
958 1272 1080 1335 tartari
1118 1275 1150 1335 et
1194 1270 1329 1353 amplius

203 1367 361 1448 arcriusqne
385 1371 553 1451 explicetur
585 1376 736 1438 sententia
771 1378 927 1440 nourinum
952 1379 1076 1441 illorum
1110 1379 1234 1460 „Phryx
1271 1379 1327 1441 aut

205 1472 344 1556 hycins“.
393 1478 508 1542 Deinde
532 1481 569 1546 n.
595 1482 756 1545 eorrtitetur
790 1504 848 1545 non
878 1484 1065 1548 intellexisse
1101 1504 1131 1549 so
1156 1485 1249 1548 verlra
1274 1484 1327 1561 „in

204 1587 348 1659 anagno‘.
386 1586 454 1660 tlara
477 1585 507 1647 in
533 1605 564 1649 re
582 1588 679 1650 iacere
697 1609 753 1651 non
770 1608 941 1670 possumus,
967 1592 1040 1671 «prm
1058 1611 1127 1654 eum
1152 1610 1328 1672 separamur,

204 1685 332 1751 Silentio
362 1692 465 1753 antem
506 1692 539 1759 n,
574 1695 742 1772 praeteriit,
777 1697 925 1776 qrrennodo
960 1697 991 1760 in
1027 1699 1147 1761 textum
1171 1697 1328 1778 irrepsisse

203 1793 328 1872 putaret
355 1795 564 1865 hemistichia:
600 1820 654 1863 nec
687 1803 789 1881 potuit
812 1804 979 1880 ostendere,
1016 1824 1088 1868 nam
1123 1804 1206 1868 haud
1238 1803 1329 1867 facile

205 1898 272 1978 qius
296 1903 388 1965 verba
421 1924 500 1979 „non
536 1925 554 1968 a
583 1926 731 1989 mangone.
766 1909 903 1989 petitus‘
943 1911 1227 1992 interpretationem
1263 1928 1328 1973 esse

204 2007 364 2071 uerborum
394 2029 474 2087 „non
500 2013 600 2096 Phryx
635 2017 689 2078 aut
713 2015 843 2098 Lycius·⁴
870 2018 1059 2084 eorreesserit.
1106 2017 1223 2081 Deletis
1246 2015 1326 2079 enim

204 2111 403 2178 hemistichiis
436 2119 539 2200 agitur
572 2120 609 2183 do
640 2122 762 2185 mitione
790 2142 946 2186 seruorum
978 2127 1009 2187 et
1042 2124 1158 2207 lingua,
1186 2123 1218 2186 id
1248 2121 1327 2204 quod

205 2218 279 2281 nihil
297 2224 431 2303 pertinet
444 2227 483 2289 ad
500 2230 715 2310 argumentum
734 2229 887 2306 canapinis,
903 2249 959 2293 non
973 2231 1076 2312 agitur
1092 2231 1129 2293 de
1142 2229 1327 2312 parsimonia

205 2330 312 2408 poetae
359 2334 389 2396 et
429 2334 622 2416 liugalitate,
672 2356 749 2416 quae
792 2340 863 2400 serrat
907 2340 1000 2418 eaput
1038 2337 1106 2405 loci.
1171 2333 1325 2415 Quomodo

203 2432 303 2514 igitur
327 2438 395 2517 quis
419 2440 573 2504 addiderit
598 2443 703 2525 verba,
738 2444 850 2524 quibus
879 2445 969 2507 homo
997 2444 1078 2525 siargi
1102 2445 1192 2526 poeta
1216 2443 1327 2507 diserte

205 2540 349 2606 laudetur·
361 2552 376 2608 Ρ

311 2649 370 2714 Sed
398 2656 504 2734 paucis
535 2656 609 2736 quid
642 2656 770 2720 sentiam
803 2657 839 2720 de
873 2658 928 2721 hoe
957 2658 1021 2722 loco
1060 2657 1221 2739 exponenti
1252 2656 1329 2720 mihi

203 2752 296 2818 liceat
319 2777 515 2838 praemonere
540 2781 598 2841 eos,
624 2763 676 2843 epu
699 2764 814 2847 legunt,
840 2765 890 2847 agi
914 2767 979 2828 tota
994 2767 1052 2828 hac
1075 2764 1219 2828 carminis
1241 2764 1329 2845 parte

204 2861 242 2926 de
270 2862 366 2945 ipsius
389 2869 497 2948 poetae
527 2869 716 2951 hugalitate,
746 2873 839 2952 atque
863 2891 896 2933 ex
921 2873 977 2934 hoc
1001 2872 1183 2954 argumento
1207 2869 1328 2954 singula

205 2989 270 3034 esse
307 2972 515 3042 diiudicanda.
575 2978 757 3056 t'orruptmn
799 2978 901 3040 arietem
943 2996 1049 3040 censeo
1089 2977 1121 3039 ot
1155 2976 1328 3040 coniectura

204 3082 374 3144 sanandum
401 3102 522 3146 versum
551 3085 621 3159 148,
648 3084 809 3164 ipsumque
826 3083 936 3146 vitium
954 3084 984 3145 in
1002 3083 1102 3147 verbis
1124 3083 1173 3159 „in
1190 3086 1319 3166 magno“

205 3186 301 3250 latore
325 3189 403 3252 mihi
427 3189 551 3271 <pridem
579 3209 760 3270 persuasum
789 3192 844 3254 est.
892 3189 1063 3253 Scholiasta
1087 3190 1135 3253 vel
1158 3189 1260 3271 potius
1283 3187 1320 3263 is,

206 3314 296 3375 quem
330 3296 468 3377 seqrritnr
496 3295 677 3373 scholiasta,
711 3296 788 3379 legit
819 3316 939 3373 versus,
973 3316 1045 3359 nam
1079 3296 1203 3360 exhibet
1233 3294 1322 3358 haec:

211 3400 397 3482 „terrisquam
440 3401 506 3465 lhit
537 3403 562 3465 l.
597 3403 655 3483 Μ.1
692 3403 797 3484 qrrrrles
839 3403 974 3466 nernlunt
1008 3422 1075 3466 care
1112 3400 1321 3483 rnanciparii.“

207 3508 315 3571 lllneet
329 3527 363 3572 ex
380 3507 526 3573 lemmate
543 3509 603 3571 iam
622 3509 803 3573 scholiastae
829 3509 1019 3591 temporibus
1034 3510 1134 3573 locum
1152 3509 1326 3590 corruptum

206 3614 312 3692 tuisse3
337 3615 445 3679 deindo
461 3616 548 3698 patet
563 3615 849 3697 interpretationem
874 3635 932 3679 non
949 3617 1097 3696 qeradrare
1113 3615 1144 3678 in
1161 3615 1329 3681 lectionem

206 3721 299 3786 istam
332 3722 478 3786 lemmate
512 3742 704 3804 expressam,
739 3722 791 3784 sed
825 3720 974 3802 seriptum
1003 3721 1201 3800 fuissemus,
1238 3740 1328 3803 quem

207 3829 373 3893 scholiasta
406 3830 558 3911 sequitur,
593 3832 695 3893 aetate
728 3829 766 3891 de
800 3847 910 3911 magno
944 3848 1100 3891 servorum
1134 3828 1242 3909 pretio.
1288 3827 1328 3889 llt

208 3936 329 3998 tantum
363 3937 467 4013 abest,
505 3937 540 4000 ut
574 3936 723 4000 eiusmodi
762 3935 915 3999 sententia
947 3956 965 3999 a
998 3936 1092 3999 totius
1129 3935 1190 4001 loci
1223 3931 1325 3999 indole

208 4043 380 4119 abhorreat,
399 4045 433 4107 ut
447 4043 560 4125 optime
576 4044 746 4107 consentiat
760 4064 828 4106 cum
846 4044 959 4107 satirae
976 4044 1155 4125 argumento
1171 4037 1326 4105 laudantis

207 4148 427 4230 parsimoniam
456 4154 578 4231 poetae,
611 4150 792 4233 castigantis
823 4150 999 4230 aequalium
1031 4147 1194 4214 luxuriam.
1242 4142 1326 4223 Quae

209 4275 278 4322 cum
297 4256 342 4321 ita
361 4256 423 4321 sint
445 4274 574 4339 cumque
588 4276 730 4322 caesenae
749 4256 866 4321 ratione
884 4256 991 4323 hahita
1010 4257 1086 4321 bene
1105 4253 1329 4341 coniungantur
