3052 4666
651 360 801 429 -2..

166 543 274 612 iudicii
308 545 493 624 ministram,
533 545 691 614 serventur
722 562 800 624 quae
837 542 951 606 servari
985 542 1112 624 possunt
1145 538 1282 603 veterum

167 653 282 737 ingenii
316 653 526 720 monumenta.
573 652 608 716 ln
646 651 759 732 quibus
790 669 849 715 uon
874 648 1020 713 ultimum
1054 648 1155 713 locum
1179 644 1286 709 tenent

169 759 324 825 Iuvenalis
347 758 469 826 satirae.

257 867 324 931 Nec
344 886 414 931 vero
430 864 619 948 propositum
635 864 712 928 mihi
729 866 775 928 est
789 863 973 947 impugnare
990 862 1019 929 h.
1033 861 1054 929 l.
1068 859 1285 936 Ribbeckium,

170 975 254 1039 cuius
285 974 435 1038 rationem
469 972 607 1035 criticam
640 972 769 1053 probare
802 970 946 1035 dubitant
977 969 1037 1051 ipsi
1071 968 1284 1033 assectatores:

169 1080 221 1145 sed
251 1079 283 1144 id
316 1079 438 1143 videtur
471 1097 580 1161 operae
615 1078 751 1161 pretinm
780 1096 845 1143 esse
868 1076 950 1141 tueri
973 1076 1090 1158 totique
1115 1076 1286 1140 carminum

171 1187 287 1268 corpori
311 1205 433 1251 servare
463 1184 556 1249 etiam
586 1185 704 1250 minora
732 1184 797 1263 illa,
829 1203 907 1266 quae
928 1182 1000 1248 inde
1025 1184 1062 1247 ab
1085 1183 1173 1248 initio
1197 1182 1288 1247 huius

169 1294 280 1359 aetatis
303 1293 334 1357 in
358 1292 423 1356 dies
448 1292 547 1375 magis
568 1311 657 1374 passa
681 1294 753 1356 sunt
776 1290 949 1356 criticorum
967 1291 1112 1369 cultrum,
1137 1291 1286 1367 membra,

171 1400 308 1484 singulos
331 1419 435 1464 versus
452 1399 517 1463 dico
539 1400 620 1464 male
643 1401 798 1482 suspectos
815 1400 846 1463 et
867 1398 1088 1464 inconsiderate
1112 1401 1286 1480 expunctae.

260 1510 305 1572 Ex
328 1508 376 1572 his
400 1527 478 1588 quae
502 1508 634 1572 diximus
657 1527 716 1572 non
740 1507 813 1570 licet
837 1506 990 1590 colligere,
1019 1507 1118 1570 facere
1142 1523 1195 1569 nos
1219 1524 1287 1570 cum

171 1616 218 1693 iis,
237 1615 289 1696 qui
304 1614 554 1697 interpolationes
570 1633 634 1677 esse
651 1614 773 1678 omnino
790 1615 905 1697 negant
911 1639 918 1695 3
935 1612 987 1677 sed
1005 1613 1057 1694 qui
1069 1611 1287 1677 additamentis

173 1740 282 1786 vacuos
306 1740 370 1786 esse
393 1721 488 1786 libros
511 1721 736 1803 manuscriptos
752 1721 926 1802 opinantur,
952 1721 979 1785 ei
1003 1740 1061 1785 non
1077 1720 1180 1784 minus
1202 1717 1286 1811 nobis

172 1828 315 1893 uidentur
339 1847 450 1907 errare,
475 1847 567 1910 quam
591 1827 645 1909 qui
661 1827 816 1892 decimum
834 1847 987 1910 quemque
1011 1845 1133 1891 versum
1150 1826 1286 1910 spurium

173 1955 236 2001 csse
261 1937 393 2002 censent.
433 1935 473 1998 Et
496 1935 528 1998 in
544 1935 699 1999 luvenalis
723 1935 918 2008 carminibus
944 1933 1050 2015 quales
1071 1934 1158 1999 libris
1181 1952 1288 1997 manu-

172 2042 294 2123 scriptis
330 2042 536 2120 continentur,
572 2042 637 2107 sine
671 2043 763 2107 dubio
797 2043 869 2106 sunt
903 2061 1008 2106 versus
1043 2041 1171 2124 abipso
1199 2041 1290 2123 poeta

173 2149 370 2214 abiudicancli
402 2149 451 2213 vel
484 2150 564 2228 incle,
600 2150 680 2232 qnod
713 2151 896 2215 exhibentur
931 2149 1033 2215 codice
1066 2168 1126 2212 uno
1156 2148 1291 2212 alterove

174 2257 279 2338 cisque
304 2256 429 2321 minoris
453 2258 554 2339 pretii,
601 2257 742 2338 Exempli
769 2258 870 2340 gratia
893 2257 985 2321 liceat
1008 2275 1144 2333 monere,
1177 2255 1208 2317 in
1231 2271 1289 2316 uno

174 2365 276 2428 codice
301 2364 441 2431 Norimb.
466 2364 650 2445 Rupertiurn
675 2363 784 2446 legisse
808 2366 879 2445 post
901 2383 1023 2428 versum
1051 2365 1111 2427 186
1135 2362 1190 2426 sat.
1216 2359 1290 2422 XlV

175 2471 317 2535 additum
349 2471 430 2534 hune
462 2470 645 2535 versiculum
677 2470 743 2552 ipso
776 2471 873 2550 metro
914 2471 1107 2535 claudicante
1142 2466 1290 2551 originem

178 2577 374 2658 prodentem:
399 2618 402 2627 ι

327 2686 496 2765 frondosa
516 2687 649 2765 pariter
672 2687 816 2766 requiem
841 2697 1011 2767 capessere
1033 2687 1126 2749 lecta.

265 2789 300 2855 ln
325 2790 477 2855 nonnullis
501 2791 656 2855 codicibus
679 2790 792 2873 legitor
815 2793 883 2873 post
908 2811 1028 2856 versum
1060 2797 1074 2856 1
1101 2789 1149 2854 vel
1173 2791 1192 2852 2
1216 2785 1292 2849 XIV

176 2898 287 2962 satirae
311 2899 362 2962 hic
385 2898 555 2962 versiculus
578 2898 669 2980 plane
693 2899 853 2964 obscuros:

337 3018 369 3070 et
391 3008 479 3089 qnod
499 3007 661 3069 rnaiarnne
685 3008 765 3069 vitia
788 3009 999 3090 sequiturque
1021 3009 1175 3082 retineres,

177 3131 254 3193 quae
278 3113 371 3177 verba
394 3111 503 3177 solutis
539 3112 674 3176 numeris
697 3114 779 3176 recte
813 3114 929 3195 scripta
953 3114 1078 3178 suntin
1103 3129 1161 3175 uno
1191 3108 1294 3173 codice

178 3219 293 3284 Havus
319 3232 351 3283 et
373 3222 461 3304 qnod
482 3231 529 3282 est
551 3221 714 3282 neniarum
737 3222 886 3302 seqnitur
907 3223 1021 3284 vitiam
1045 3220 1196 3281 minares.
1220 3214 1294 3274 Post

178 3345 301 3391 versum
325 3328 369 3391 Vl
397 3327 509 3391 satirae
535 3327 599 3390 614
627 3327 792 3390 scholiasta
815 3328 847 3390 ot
869 3325 1009 3390 nonnulli
1039 3321 1156 3386 codices
1180 3317 1294 3412 liabent

178 3439 240 3500 tros
264 3454 367 3499 versus
390 3433 549 3516 permissa,
573 3452 703 3514 quorum
727 3434 764 3497 de
788 3433 905 3513 origine
928 3431 998 3494 vide
1022 3428 1063 3492 sis
1079 3423 1293 3490 Heinriclrium

179 3543 210 3606 in
236 3541 457 3606 commentario
480 3560 511 3622 p.
538 3541 611 3608 285.
638 3540 716 3604 Sunt
739 3539 786 3603 hi:

340 3651 475 3732 Semper
497 3671 615 3731 aquarn
634 3661 750 3730 partes
773 3649 897 3712 rimosa
920 3647 967 3709 ad
987 3646 1089 3720 dolia,
1113 3653 1241 3722 semper

339 3759 437 3822 Istud
458 3778 538 3821 arecas
561 3758 678 3819 scabras
701 3757 781 3838 ipsis
803 3755 1012 3818 enarrantibus
1034 3752 1139 3827 nrnis,

342 3867 412 3943 Qua
437 3865 574 3928 rabidus
597 3875 709 3927 nostra
736 3862 910 3926 Phalarim
934 3861 975 3924 de
998 3881 1075 3942 rege
1098 3859 1228 3924 dedisti.

269 3970 409 4033 llfficitur
432 3989 467 4034 ex
490 3971 539 4033 lris
557 3988 634 4050 qrrae
650 3968 835 4052 protulimus
852 3967 998 4050 exemplis
1021 3986 1079 4031 non
1103 3965 1216 4029 liberas
1233 3980 1297 4026 esse

179 4077 335 4141 luvenalis
359 4077 470 4141 satiras
493 4077 606 4158 spuriis
630 4076 774 4144 versibus,
805 4074 864 4140 Sed
888 4075 994 4157 quales
1019 4075 1091 4138 sunt
1114 4073 1147 4135 lri
1171 4069 1297 4135 vorsus‘l

179 4183 242 4247 Alii
284 4183 483 4247 inveniuntur
520 4174 558 4246 in'
586 4202 645 4247 uno
682 4182 784 4247 codice
822 4202 916 4265 eoqrrc
949 4181 1113 4268 deteriore,
1154 4176 1206 4240 alii
1240 4192 1298 4236 non

178 4292 307 4371 possunt
338 4290 482 4373 intelligi,
516 4290 570 4353 alii
601 4308 699 4370 nequo
730 4289 811 4353 inter
845 4308 876 4352 se
912 4307 967 4352 nec
996 4306 1066 4351 cum
1095 4302 1211 4360 eorum,
1247 4278 1300 4362 qui
