3052 4666
696 400 845 463 -4-

300 557 387 620 Nihil
418 557 513 639 igitur
540 560 653 634 restat,
690 558 747 621 nisi
776 561 812 623 at
843 558 882 639 ad
906 560 986 641 ipsos
1010 580 1114 625 versus
1138 562 1331 630 accedamus.

210 662 328 741 bainus
344 665 375 725 in
392 664 596 745 ponderandis
613 666 648 728 nt
663 664 848 728 temeritatis
872 665 986 728 crimen
1007 668 1201 749 effugiamus,
1225 671 1333 751 paucis

206 771 403 852 praemittere
428 771 519 833 liceat
534 790 584 834 eas
601 791 677 851 ‹prras
693 771 780 851 sequi
798 772 964 835 statuimus
988 772 1079 853 leges.
1127 777 1172 838 Ac
1195 775 1332 856 primum

205 878 328 957 mridem
347 878 435 941 neec
452 898 532 954 enm,
550 879 602 958 qni
619 879 655 941 ele
672 878 957 959 interpolationibus
980 898 1069 961 agere
1086 881 1144 944 sibi
1161 882 1330 964 proposuit,

206 987 276 1047 anto
306 985 406 1047 onrrria
437 987 579 1065 reputare
607 1005 787 1067 semperque
816 984 984 1059 reminisci,
1014 989 1129 1050 certam
1156 1008 1245 1052 verae.
1271 989 1330 1052 looi

201 1090 336 1152 alicuius
365 1090 545 1153 conditionis
581 1092 740 1155 scientiam
763 1111 920 1172 rmnquam
943 1092 1004 1155 fere
1029 1092 1170 1155 criticum
1195 1094 1327 1174 assequi,

205 1197 275 1273 sel,
310 1197 430 1260 etiamsi
465 1197 639 1261 felicissime
664 1199 803 1273 cesserit,
838 1202 942 1261 tamen
972 1199 1049 1261 nibil
1079 1219 1165 1279 posse
1190 1200 1327 1280 profiteri

206 1303 262 1365 nisi
287 1304 437 1367 invenisse
455 1324 485 1367 se
508 1303 687 1367 verisimilia
703 1308 734 1367 ct
757 1303 937 1386 probabilia.
986 1305 1019 1367 ln
1043 1306 1127 1367 onrni
1143 1306 1223 1369 enim
1249 1310 1327 1385 arte,

206 1412 241 1473 nt
267 1411 311 1473 ait
336 1410 490 1474 serissime
508 1411 643 1486 Iahnius,
668 1430 736 1473 raro
760 1412 870 1485 evenit,
897 1413 931 1474 ut
955 1412 1028 1492 qnid
1046 1431 1148 1476 rernm
1174 1412 1215 1475 sit
1238 1413 1331 1476 certis

206 1520 399 1599 argnmontis
433 1519 561 1584 evincas.
620 1520 727 1598 Neque
765 1518 795 1581 id
832 1519 943 1582 mirum
986 1520 1016 1582 in
1052 1519 1237 1582 elill'icillima
1272 1520 1330 1583 hac

205 1625 388 1703 orrrmstione.
408 1626 435 1687 N
440 1645 489 1687 am
504 1625 659 1688 codicibus
673 1625 841 1703 ceterisque
856 1626 1040 1688 testimoniis
1049 1645 1146 1706 paene
1160 1625 1329 1691 destitutus

204 1749 276 1793 crrrrr
305 1750 338 1792 er
368 1731 504 1811 ipsorum
532 1730 666 1793 locorum
697 1733 806 1791 natrna
837 1730 1005 1794 diiudicare
1035 1735 1164 1813 cogatur
1193 1733 1327 1811 criticam,

204 1837 407 1899 snoarbitrio
431 1838 542 1900 eluctus
566 1857 681 1917 suaque
705 1838 802 1899 lictus
827 1837 965 1900 doctriua
983 1858 1075 1918 quam
1101 1839 1189 1903 fabrile
1213 1860 1231 1902 a
1256 1860 1326 1904 vero

204 1945 327 2008 aberrat
359 1946 502 2008 inductus
535 1945 564 2007 in
602 1964 734 2007 errorem
767 1963 844 2007 arana
878 1945 976 2025 specie
1011 1946 1059 2008 vel
1091 1951 1213 2010 secribus
1237 1967 1324 2028 prae·

203 2052 373 2116 imlieatam
403 2052 558 2133 (pianelam
582 2052 765 2132 opinionem.
814 2052 900 2128 Quae
930 2070 999 2114 cum
1034 2051 1078 2114 ita
1108 2052 1182 2127 sint,
1217 2056 1327 2118 caritas

203 2160 400 2241 modicusque
424 2160 549 2224 criticus
574 2179 630 2222 non
649 2159 815 2233 (habitabit,
839 2158 929 2221 sires
952 2157 1098 2239 postulat,
1123 2159 1181 2222 hae
1205 2180 1326 2240 claroque

203 2267 233 2329 in
258 2288 289 2330 re
315 2287 450 2331 exercere
476 2271 573 2330 artem
590 2268 676 2330 illam
696 2266 858 2343 nescienti,
882 2266 903 2328 i.
921 2286 945 2331 c.
964 2285 1084 2328 versum
1103 2266 1140 2329 ele
1156 2267 1326 2348 interpola-

203 2374 284 2436 tione
308 2376 493 2455 suspectum,
520 2394 610 2454 onem
631 2374 770 2453 spurium
795 2372 886 2435 certis
909 2372 1077 2434 rationibus
1106 2374 1243 2436 evincere
1268 2394 1325 2437 non

203 2481 307 2559 pessit,
333 2480 468 2560 accipere
485 2481 586 2561 potins
603 2498 697 2559 quam
713 2480 829 2542 temere
850 2478 967 2553 eiicere,
993 2498 1029 2540 ne
1046 2477 1187 2542 videatur
1203 2482 1324 2560 poetam

202 2586 265 2647 suis
298 2587 434 2649 versibus
465 2587 605 2668 spoliare.
652 2587 734 2649 Nam
768 2585 864 2648 satius
897 2604 996 2648 errare
1026 2585 1057 2648 in
1089 2588 1209 2666 partem
1244 2587 1325 2650 vori-

202 2692 365 2755 similium!

291 2800 385 2864 [brius
413 2800 628 2864 moderationis
660 2799 795 2862 ommam
831 2799 962 2861 maxime
993 2799 1080 2861 obliti
1104 2802 1176 2862 sunt
1204 2799 1240 2875 ii,
1271 2801 1324 2880 qui

203 2927 356 2970 summam
381 2907 569 2971 diimlicamli
593 2907 691 2989 legem
717 2907 855 2968 lecerunt
870 2905 990 2985 pnlelrri
1006 2924 1138 2982 sensum,
1165 2925 1224 2985 quo
1247 2907 1324 2969 nibil

202 3014 369 3098 excogitari
401 3017 504 3097 potest
533 3015 733 3080 mutabilius!
786 3016 886 3090 Quam
920 3013 981 3075 sint
1009 3013 1128 3075 diversa
1164 3014 1321 3077 hominum

201 3123 317 3201 palata,
342 3141 399 3184 non
425 3121 575 3202 estquod
606 3139 769 3202 exponam:
818 3120 936 3182 constat
964 3139 1000 3181 ne
1029 3119 1165 3182 eiusdem
1196 3120 1319 3200 quidem

202 3229 313 3291 aetatis
352 3228 489 3291 homines
530 3227 611 3308 quod
644 3227 757 3290 attinet
797 3226 835 3288 ad
875 3225 1028 3306 poeticam
1063 3227 1256 3289 venustatem
1291 3225 1322 3287 et

203 3334 387 3417 elegantiam
419 3334 527 3397 iisdem
553 3335 644 3396 rebus
668 3336 699 3396 et
723 3332 865 3396 similiter
888 3332 1046 3394 delectari.
1094 3332 1240 3412 Sequitur
1263 3350 1320 3394 non

204 3442 278 3504 bone
310 3440 405 3522 egisse
439 3441 470 3504 in
501 3442 558 3504 hae
592 3440 766 3520 qrmestionc
799 3439 850 3518 qui
884 3439 1024 3500 exercent
1053 3441 1150 3502 artem
1182 3437 1319 3502 criticam

202 3568 279 3625 eam,
305 3567 382 3627 qnae
406 3548 519 3610 dicitur
543 3544 930 3629 allgemeinaestlretische.
980 3545 1061 3607 Nam
1085 3564 1144 3608 non
1167 3566 1202 3607 ex
1227 3545 1322 3627 ipsius

201 3655 356 3736 scriptoris
390 3655 489 3735 qualis
521 3658 566 3717 est
594 3653 695 3716 indole
725 3654 756 3715 et
783 3652 902 3735 ingenio
931 3670 1021 3731 opera
1049 3652 1113 3714 eius
1145 3652 1321 3730 aestimant,

200 3761 253 3826 sed
276 3762 424 3842 singulari
450 3761 584 3841 qrraoanr
607 3779 745 3823 summae
779 3758 973 3841 perfectionis
1001 3757 1136 3839 imagine
1166 3759 1267 3822 animo
1292 3762 1323 3822 et

201 3868 386 3950 cogitatione
422 3869 565 3948 conrepta
597 3867 675 3947 ⁴quid
711 3866 836 3948 dignum
873 3866 913 3929 sit
947 3865 1110 3946 scriptore,
1153 3866 1227 3946 <prid
1264 3885 1322 3929 non

201 3975 377 4040 diiudicant.
404 3974 584 4038 Rectissime
601 3973 768 4036 'lerrfl'elins
781 3973 924 4036 disseruit
936 3973 966 4035 in
979 3972 1057 4035 libro
1075 3973 1127 4052 qm
1144 3972 1322 4036 inscribitur

204 4081 271 4158 ,elie
295 4082 471 4144 lmraaisclrc
501 4081 593 4164 Lyrilr
628 4079 690 4143 und
719 4079 968 4155 ‹lc1·errKr·itilr,“
1009 4079 1089 4141 uncle
1128 4098 1186 4142 non
1222 4098 1322 4159 panca

200 4188 358 4269 aptissimo
391 4189 618 4252 transferuntur
655 4187 694 4249 ad
733 4187 926 4254 Iuvenalem:
984 4187 1018 4247 ln
1053 4186 1129 4248 aller
1165 4185 1322 4247 Literatur

202 4296 346 4361 rollniebt
370 4295 432 4357 sirlr
463 4296 512 4357 elie
539 4296 575 4358 W
581 4294 734 4377 iirrligung
757 4294 839 4357 eines
863 4292 1099 4355 solaril'tstellers
1123 4297 1159 4371 (a.
1180 4291 1214 4357 ll.
1237 4290 1321 4353 eines
