3052 4666
674 341 847 420 42...

203 508 340 594 guendas
363 516 486 578 censent
509 512 600 577 huius
623 513 735 578 aetatis
759 513 857 579 critici
881 535 1047 599 eorumque
1070 519 1222 602 imprimis
1247 522 1322 588 Rib-

203 620 337 699 beclius,
362 622 415 703 qni
438 623 543 685 tamen
559 640 596 684 ne
612 620 669 685 hac
686 620 811 702 quidem
831 623 862 686 in
879 643 912 688 re
930 626 1121 692 constantem
1138 627 1323 711 firmumque

203 747 235 791 se
263 728 414 809 praebuit.
472 725 539 805 Qua
573 727 610 791 de
645 747 677 792 rc
709 728 789 791 infre
826 728 1006 798 uidebimus.
1058 733 1193 800 Videtur·
1219 738 1323 801 autem

204 834 391 898 Ribbeckius
422 833 566 899 arbitrari
593 853 658 899 esse
685 834 778 898 huius
810 855 914 900 versus
952 839 1138 903 sententiam
1175 841 1324 907 facillima

203 942 413 1006 observatione
423 942 580 1006 inventam
590 944 717 1022 tamque
731 941 852 1006 inanem
867 945 898 1007 et
907 943 1034 1025 proprio
1048 964 1135 1009 versu
1150 948 1321 1031 indignam,
1340 970 1344 979 ·

204 1052 239 1114 ut
266 1068 325 1113 uon
358 1049 451 1113 liceat
478 1048 624 1131 suspicari
656 1047 760 1128 ipsum
792 1047 970 1113 Iuvenalem
1005 1050 1133 1114 carmini
1168 1071 1222 1116 suo
1253 1058 1321 1117 eam

203 1155 375 1225 inseruisse,
432 1154 518 1234 Quod
551 1175 656 1220 verum
697 1173 765 1219 esse
798 1157 922 1221 tantum
961 1157 1049 1222 abest
1085 1159 1121 1222 ut
1153 1159 1321 1233 Ribbeclio

203 1261 415 1338 eorreedamus,
440 1263 604 1326 utcontra
629 1261 729 1325 dicere
753 1261 937 1341 audeamus,
962 1283 1021 1328 non
1045 1264 1145 1328 solum
1173 1266 1321 1330 contineri

202 1369 259 1432 hoc
291 1388 378 1432 versu
418 1369 603 1434 sententiam
635 1387 738 1433 veram
778 1371 971 1451 rectamque,
1008 1371 1060 1435 sed
1092 1372 1188 1436 etiam
1211 1374 1322 1437 testem

202 1497 274 1541 eum
298 1495 363 1541 esse
386 1479 494 1559 poetae
517 1475 736 1540 observationis
760 1477 792 1540 et
814 1477 1005 1559 sagacitatis,
1052 1476 1101 1542 Au
1125 1479 1238 1543 falsum
1263 1482 1319 1557 est,

202 1583 317 1648 domini
342 1583 483 1665 superbia
507 1600 641 1646 cresccre
664 1583 851 1647 famulorum
876 1603 948 1666 erga
968 1603 1119 1666 pauperes
1135 1585 1321 1650 audaciam?

203 1691 310 1754 Nonne
341 1689 432 1754 hodie
473 1708 593 1771 quoque
630 1693 740 1770 poetae
777 1691 937 1755 hominurn
975 1678 1139 1775 rerumque
1176 1695 1318 1758 notitiam

202 1797 365 1863 ostendunt
387 1796 588 1878 producentes
610 1795 641 1858 in
665 1814 805 1860 scaenam
834 1798 957 1878 superbi
985 1795 1103 1865 domini
1131 1799 1320 1880 superbiores

202 1904 333 1968 famulos
356 1901 596 1986 supplicantium
620 1902 737 1967 animos
753 1903 947 1968 contumeliis
963 1905 1182 1968 vulnerantes?
1212 1905 1320 1985 Neque

203 2013 280 2075 rrnus'
323 2009 477 2073 luvenalis
515 2008 548 2073 id
587 2009 806 2075 animadvertit
842 2009 1000 2092 literisque
1033 2011 1178 2076 mandare
1212 2031 1321 2093 operae

205 2117 340 2199 pretium
364 2117 507 2209 putabat,
536 2115 589 2180 sed
612 2117 708 2182 etiam
731 2116 846 2182 Seneca
869 2116 907 2182 de
931 2119 1027 2183 const.
1055 2120 1109 2188 ll:
1143 2138 1322 2197 „servorum

201 2224 345 2303 audacia,
378 2223 495 2305 inquit,
528 2223 572 2287 ita
600 2223 725 2289 demum
758 2224 816 2289 sibi
851 2223 881 2287 in
915 2225 1056 2290 convivas
1089 2225 1136 2289 ius
1171 2225 1261 2302 facit,
1295 2226 1321 2288 si

202 2332 304 2413 coepit
321 2351 339 2395 a
355 2331 509 2396 domino.“
557 2329 616 2394 Sed
633 2329 745 2396 dixerit
768 2332 895 2396 fortasse
920 2332 1083 2415 quispiam,
1104 2331 1153 2396 vel
1169 2331 1318 2412 optimam

203 2435 386 2502 sententiam
419 2435 593 2520 generalem
621 2436 670 2501 vix
703 2436 859 2501 ferendam
889 2456 953 2501 esse
986 2438 1084 2502 alieno
1112 2438 1191 2514 loco,
1220 2455 1317 2516 neque

202 2543 347 2608 essehoc
374 2541 500 2623 quidem
528 2541 592 2605 loco
620 2540 771 2606 eiusmodi
803 2561 927 2606 versum
955 2562 1053 2625 neque
1081 2543 1191 2607 utilem
1219 2561 1318 2624 neque

202 2650 375 2733 prdchrum.
426 2651 469 2714 At
497 2649 621 2712 tantum
650 2649 750 2726 abest,
787 2650 823 2712 ut
851 2667 925 2712 vera
952 2650 993 2714 sit
1025 2651 1101 2715 haec
1133 2649 1250 2731 opinio,
1284 2650 1320 2713 ut

201 2759 318 2841 optimo
341 2757 408 2822 iure
437 2756 524 2821 nobis
551 2753 711 2819 videamur
739 2754 889 2834 iudicare,
921 2755 1058 2821 obtinere
1086 2756 1168 2820 hunc
1195 2775 1317 2820 versum

202 2866 304 2932 locum
328 2863 498 2930 sententiae
521 2863 657 2947 generali
674 2863 807 2928 maxime
824 2865 1074 2941 consentaneum,
1102 2863 1134 2928 id
1151 2864 1232 2945 quod
1255 2864 1320 2930 loco

202 2974 234 3039 in
258 2993 328 3039 suus
351 2975 455 3055 partes
478 2972 620 3036 accurate
644 2969 791 3053 disposito
807 2971 896 3036 facile
913 2971 1180 3036 demonstrabitur.
1208 2970 1320 3053 Agitur

203 3081 283 3146 enim
308 3081 447 3146 versibus
469 3079 542 3157 illis,
567 3078 621 3161 qui
644 3082 717 3144 sunt
739 3079 810 3144 inde
834 3097 853 3142 a
876 3100 903 3145 v.
931 3082 973 3146 49
1002 3099 1099 3161 usque
1127 3079 1165 3143 ad
1191 3080 1242 3156 52,
1268 3078 1320 3142 ubi

200 3188 349 3269 scripturn
378 3187 425 3250 est
456 3185 640 3249 vocabulum
672 3190 845 3266 „aquam“,
875 3185 912 3249 de
942 3185 1116 3251 discrimine
1144 3184 1211 3265 ipsa
1238 3202 1319 3261 aqua

200 3293 281 3356 inter
304 3293 469 3373 patronum
500 3294 531 3355 et
563 3289 690 3355 clientes
718 3292 813 3368 facto3
844 3293 1017 3372 sequuntur
1042 3307 1147 3354 versus
1178 3288 1319 3362 52-66,

201 3398 313 3482 quibus
350 3396 489 3478 queritur
523 3398 614 3476 poeta
649 3397 686 3461 de
719 3416 876 3463 servorum
911 3395 1038 3460 audacia
1067 3396 1098 3457 ct
1125 3388 1316 3472 petulantia,

201 3504 339 3570 versibus
349 3497 480 3582 denique
492 3502 622 3568 67-75
638 3501 743 3584 agitur
757 3501 795 3566 de
814 3520 892 3582 pane
909 3500 991 3564 malo
1003 3499 1139 3578 duroque
1155 3496 1319 3561 clientibus

201 3610 350 3695 apposito.
396 3607 506 3674 Verbis
530 3606 612 3672 enim
635 3626 713 3688 quae
736 3609 807 3671 sunt
831 3625 922 3685 „ecce
946 3605 1025 3669 alius
1048 3605 1163 3687 quanto
1186 3604 1320 3684 porrexit

202 3720 379 3784 murmure“
395 3715 465 3801 (67)
476 3734 534 3780 non
544 3714 747 3798 pergitpoeta
760 3713 931 3779 describere
941 3712 1128 3778 famulorum
1144 3709 1316 3788 audaciam,

201 3827 253 3892 sed
277 3824 388 3908 incipit
410 3823 498 3907 queri
520 3822 558 3887 de
582 3822 658 3887 duro
682 3841 779 3904 pane,
801 3820 834 3886 id
857 3820 939 3904 quod
962 3820 1092 3903 apparet
1115 3837 1149 3882 ex
1174 3816 1217 3882 eis
1242 3837 1319 3898 qnae

201 3936 371 4018 sequuntur
393 3933 493 3997 verbis
518 3949 649 4014 „panem
673 3929 722 3994 vix
745 3929 878 3994 fractum
902 3930 998 3993 cett.“
1045 3927 1154 4007 Neque
1178 3924 1317 3988 inaudita

201 4044 249 4106 est
271 4041 346 4105 haec
368 4038 548 4104 transeundi
570 4037 659 4116 notio,
689 4035 774 4100 cuius
797 4035 932 4100 similem
955 4035 1050 4099 habes
1073 4053 1101 4099 v,
1128 4033 1180 4110 52,
1205 4029 1317 4095 ubido

202 4150 270 4214 vino
294 4167 373 4230 aqua
396 4146 543 4212 calicibus
565 4145 688 4212 locutus
710 4143 822 4208 transit
844 4144 936 4226 poeta
960 4141 998 4206 ad
1016 4158 1118 4205 servos
1134 4139 1182 4202 his
1202 4136 1315 4204 verbis:

201 4254 282 4341 „tibi
304 4255 414 4336 pocula
437 4273 542 4320 cursor
565 4253 660 4321 cett.“
685 4250 808 4315 Finitur
829 4249 927 4334 igitur
950 4269 980 4314 v.
998 4253 1040 4314 66
1064 4266 1100 4310 ea
1124 4264 1202 4326 quae
1219 4245 1265 4308 est
1281 4243 1320 4306 de
